3100 5042
609 740 773 906 Μ.
884 725 1580 905 TULLIUS
1694 734 2279 905 CICERO

362 1061 798 1143 QUATENUS
817 1063 1127 1130 ARTIUM
1158 1063 1636 1130 OPTIMARUM
1660 1062 1993 1131 AMATOR
2024 1063 2521 1132 EXSTITERIT
2620 1023 2625 1030 ι

1160 1834 1736 1911 PROOEMIUM

454 2361 717 2439 Quanto
751 2357 1028 2446 ingenio
1067 2356 1153 2425 M.
1197 2357 1458 2425 Tullius
1495 2356 1844 2447 praeditus
1881 2357 2111 2439 fuerit,
2158 2365 2412 2447 quanta
2454 2364 2523 2428 et

365 2496 573 2566 quam
608 2475 848 2544 merita
885 2476 955 2542 in
995 2474 1238 2542 litteris
1274 2473 1478 2543 laude
1517 2474 1848 2560 floruerit,
1884 2481 2218 2562 quantum
2258 2475 2520 2545 nomini

362 2597 676 2663 Romano
706 2593 915 2662 decus
952 2591 1066 2660 vel
1106 2591 1536 2679 eloquentiae
1567 2593 1634 2660 vi
1676 2591 2031 2680 copiaque,
2070 2593 2175 2662 vel
2206 2591 2521 2662 innume-
2622 2631 2625 2634 ·

363 2709 682 2778 rabilium
731 2708 1139 2797 scriptorum
1177 2708 1433 2796 lepore,
1478 2707 1722 2791 nitore,
1765 2708 2273 2796 magnificentia
2321 2707 2520 2776 addi-

364 2826 560 2908 derit,
596 2824 800 2893 multi.
824 2828 891 2894 et
921 2828 1121 2892 antea
1159 2823 1806 2892 demonstraverunt
1832 2829 1901 2893 et
1929 2830 2164 2913 postea
2193 2823 2517 2894 demons-

361 2948 538 3011 trare
566 2940 1022 3009 conabuntur.
1057 2938 1261 3006 Aliud
1292 2939 1491 3007 nobis
1522 2940 2028 3028 proposuimus,
2066 2939 2250 3028 quod
2281 2940 2517 3028 paucis

367 3055 591 3126 verbis
620 3059 887 3144 oportet
916 3055 1404 3143 significemus.

452 3171 757 3239 Primum
789 3171 1000 3254 enim,
1036 3171 1122 3237 M.
1156 3170 1419 3239 Tullius
1450 3191 1590 3240 non
1621 3190 1701 3238 ea
1735 3175 1977 3239 natura
2017 3170 2171 3254 fuit,
2204 3175 2304 3257 ut,
2341 3170 2519 3238 nihil

364 3287 550 3356 aliud
599 3305 846 3354 curans
892 3291 960 3354 et-
1007 3286 1257 3355 suimet
1302 3286 1449 3375 ipse
1497 3286 1777 3372 oblitus,
1821 3285 1892 3354 in
1937 3286 2213 3376 optimis
2256 3287 2514 3358 artibus

361 3409 778 3482 versaretur;
821 3400 1092 3486 deinde,
1140 3423 1278 3471 non
1318 3403 1400 3471 iis
1435 3402 1860 3492 temporibus
1904 3404 2076 3473 vixit
2116 3404 2391 3493 quibuS,
2438 3413 2515 3474 ut

359 3520 719 3607 Vergilius,
768 3519 1110 3604 Horatius,
1153 3519 1409 3604 LiviuS,
1450 3520 1998 3608 recentioresque
2030 3541 2236 3608 quam
2288 3521 2507 3604 multi,

363 3635 642 3704 minime
681 3635 944 3704 civibus
982 3635 1379 3720 consulens,
1412 3636 1604 3704 nullo
1641 3637 1966 3725 temporis
2005 3643 2259 3726 puncto
2300 3638 2514 3705 inter-

359 3750 596 3835 misso,
635 3771 913 3819 omnem
945 3757 1234 3819 aetatem
1265 3751 1337 3818 in
1366 3751 1609 3820 litteris
1638 3759 1872 3840 posset
1899 3773 2125 3842 agere.
2162 3752 2319 3834 Sed,
2354 3772 2509 3821 cum

358 3866 605 3934 horum
642 3864 962 3935 laudibus
1002 3866 1374 3952 efferretur,
1419 3867 1696 3935 illorum
1736 3867 2116 3938 maledictis
2158 3887 2513 3958 oppugna-

360 3989 568 4067 retur,
615 3983 717 4051 vir
764 3982 1021 4071 gloriae
1069 3981 1314 4051 avidus
1362 4003 1634 4051 summo
1682 4003 1889 4072 opere
1937 3983 2397 4068 contendebat
2436 3989 2513 4051 ut

359 4096 467 4166 his
495 4098 837 4166 cumulate
867 4098 1250 4183 satisfieret,
1284 4098 1438 4167 iilos
1477 4099 1774 4168 levitatis
1805 4100 2219 4188 paeniteret3
2256 4104 2324 4166 et
2353 4119 2508 4166 cum

353 4213 655 4302 cujusvis
697 4213 1046 4283 doctrinae
1084 4214 1538 4305 principatum
1584 4215 1793 4285 vellet
1842 4215 2177 4298 obtinere,
2226 4215 2514 4302 scriptor

501 4329 681 4385 Rieu„
2197 4330 2219 4383 1
