3100 5042
1281 433 1601 497 „43ss

372 563 569 635 laude
621 567 1032 654 afficiamuS,
1093 589 1230 655 qua
1283 575 1599 637 sanctum
1656 589 1911 638 nomen
1968 576 2207 659 poetae
2254 570 2523 659 praedi-

371 690 578 764 catur,
627 681 1104 771 Homer-usque
1152 689 1219 751 et
1265 684 1530 752 Ennius
1574 684 2003 753 celebrantur
2032 687 2075 754 ¹.
2128 685 2521 754 Ciceronem

367 804 596 866 tamen
638 814 1116 887 agnoscamuS,
1152 799 1414 884 timide,
1447 806 1524 868 ut
1555 800 1646 866 ita
1685 798 1931 882 dicam,
1975 798 2328 881 audacem,
2360 804 2525 868 tunc

367 914 567 982 etiam
603 934 760 980 cum
786 913 1004 1001 plebis
1035 933 1315 982 sensum
1346 913 1808 1004 redargueret,
1836 913 2267 1001 aliquatenus
2294 933 2524 984 errore

367 1028 553 1116 vulgi
597 1027 882 1096 ductum
928 1049 1102 1098 esse.
1136 1029 1306 1098 Nam
1345 1048 1422 1097 se
1471 1029 1851 1097 subsecivis
1900 1033 2161 1096 tantum
2208 1028 2396 1096 horis
2434 1027 2521 1096 ad

367 1144 623 1232 optima
670 1143 895 1211 studia
944 1143 1249 1212 deditum
1289 1164 1440 1212 esse
1477 1145 1915 1227 asseveravit,
1964 1149 2034 1212 et
2080 1144 2234 1211 ideo
2279 1144 2406 1212 sibi
2449 1151 2522 1211 ut

364 1259 532 1328 illud
613 1259 1101 1328 concederetur
1165 1261 1462 1347 rogavit,
1528 1259 1714 1349 quod
1776 1280 1865 1328 ex
1922 1259 2029 1328 his
2092 1259 2336 1328 studiis
2405 1260 2523 1330 illa

363 1395 636 1464 quoque
674 1382 1006 1444 cresceret
1043 1375 1255 1443 oratio
1294 1381 1360 1444 et
1397 1376 1685 1446 facultas
1724 1395 1897 1465 quae
1928 1396 2309 1465 numquam
2350 1377 2521 1444 ami-

363 1512 598 1559 corum
644 1490 966 1580 periculis
1009 1490 1340 1559 defuisset
1370 1492 1416 1559 ².
1465 1518 1497 1554 «
1541 1492 1815 1560 Ceteros
1853 1491 2129 1588 pudeat,
2169 1491 2417 1590 inquit,
2462 1493 2518 1560 si

362 1607 475 1695 qui
505 1609 599 1673 ita
637 1626 710 1674 se
737 1607 978 1674 litteris
1009 1605 1450 1692 abdiderunt,
1481 1611 1557 1674 ut
1584 1606 1761 1675 nihil
1790 1606 2055 1695 possint
2083 1627 2167 1674 ex
2189 1607 2272 1676 iis
2292 1627 2519 1694 neque

363 1721 444 1788 ad
521 1742 961 1790 communem
1031 1721 1268 1790 afferre
1335 1721 1660 1806 fructum,
1732 1741 1954 1810 neque
2028 1721 2100 1786 in
2168 1726 2517 1808 aspectum

360 1839 720 1925 lucemque
776 1837 1078 1926 proferre
1109 1839 1154 1906 ³.
1187 1840 1247 1899 ¹»
1306 1838 1392 1904 At
1451 1838 1621 1925 ipse,
1684 1836 1851 1905 dum
1906 1835 2074 1904 utile
2132 1855 2284 1905 esse
2342 1835 2518 1923 opti-

356 1974 626 2020 marum
671 1952 919 2020 artium
958 1951 1262 2020 studium
1303 1952 1603 2039 disserit,
1640 1951 1804 2040 quid
1844 1953 2066 2041 majus
2109 1951 2519 2040 graviusque

358 2069 700 2150 afferrent,
763 2089 897 2155 qua
953 2070 1214 2136 ratione
1271 2068 1589 2136 homines
1637 2068 1756 2136 illo
1821 2068 2183 2136 hominum
2240 2066 2518 2134 nomine

358 2183 702 2272 digniores
732 2183 1101 2266 efficerent,
1141 2203 1219 2251 ac
1247 2185 1904 2271 praestantissimum
1936 2202 2279 2271 quemque
2316 2181 2517 2269 jube-

355 2307 507 2367 rent
535 2299 722 2387 quod
755 2300 823 2365 in
857 2319 931 2367 se
961 2299 1296 2387 optimum
1325 2298 1610 2368 haberet
1640 2319 1795 2366 cum
1823 2297 2057 2366 multis
2087 2298 2179 2365 ita
2208 2318 2516 2364 commu-

356 2413 610 2499 nicare,
664 2418 738 2481 ut
789 2413 990 2481 altius
1046 2413 1613 2501 proveherentur,
1667 2412 2072 2501 imprudens
2127 2410 2519 2500 prudensve

355 2529 829 2617 praetermisit.

441 2644 698 2712 Omnes
731 2665 768 2710 a
798 2644 1120 2712 Cicerone
1146 2649 1304 2732 post
1331 2644 1647 2714 Archiam
1682 2642 2042 2713 defensum
2074 2642 2335 2710 habitas
2366 2660 2517 2710 ora-—

353 2761 575 2829 tiones
640 2760 926 2848 longum
984 2765 1089 2828 est
1142 2761 1460 2848 persequi
1515 2766 1585 2831 et
1643 2761 1919 2843 inutile;
1974 2760 2043 2827 in
2092 2758 2342 2847 quibus
2388 2756 2515 2826 etsi

354 2896 696 2965 nusquam
771 2874 1318 2943 extollendarum
1377 2876 1609 2944 verbis
1668 2876 2044 2944 litterarum
2119 2873 2514 2962 hujusmodi

352 2992 545 3059 locus
597 2988 821 3073 datur,
875 3009 1015 3055 non
1064 2989 1209 3075 jam
1268 2988 1531 3058 dubitat
1579 2991 1664 3056 M.
1721 2989 1979 3056 Tullius
2042 3007 2195 3056 sese
2242 2987 2511 3068 litteris,

354 3106 565 3171 immo
639 3104 899 3193 graecis
959 3103 1202 3171 litteris
1277 3103 1623 3171 eruditum
1691 3101 2088 3188 ostendere3
2158 3107 2359 3189 atque
2424 3101 2516 3167 ita

353 3221 596 3288 fatetur
651 3225 768 3286 aut
822 3219 1050 3308 potius
1097 3219 1426 3307 gloriatur
1474 3240 1548 3288 se
1605 3220 1763 3309 plus
1810 3239 2018 3307 quam
2059 3222 2345 3302 ceterOS,
2398 3219 2515 3305 qui

351 3354 565 3422 aeque
610 3339 811 3420 atque
870 3335 1016 3422 ipse
1073 3334 1212 3401 sint
1259 3335 1591 3424 occupati,
1636 3335 1892 3404 versari
1944 3335 2013 3402 in
2058 3333 2285 3402 studio
2332 3334 2514 3402 litte-

350 3469 580 3516 rarum
600 3449 644 3532 ⁴,
680 3453 756 3515 ut
783 3469 909 3517 suo
946 3448 1309 3534 desiderio,
1343 3470 1497 3518 cum
1525 3452 1889 3533 exsularet,
1925 3449 2154 3518 omnia
2178 3450 2515 3518 bonarum

351 3565 600 3632 artium
652 3565 876 3632 studia
923 3565 1195 3634 siluisse
1241 3563 1534 3634 affirmet
1563 3569 1606 3634 ⁵.
1659 3568 1798 3636 Nec
1856 3587 2053 3636 secus
2106 3587 2345 3636 eorum
2392 3585 2521 3653 pro

417 3803 462 3848 1.
494 3800 541 3861 8,
575 3801 658 3849 18-
664 3801 742 3850 19.

411 3874 457 3919 2.
495 3873 539 3931 6,

413 3945 539 4000 3.6,
573 3944 650 3991 12.

412 4014 458 4061 4.
491 4014 564 4060 De
597 4012 811 4076 harusp.
846 4027 1107 4076 responso,
1137 4017 1182 4075 9,
1213 4015 1291 4062 18.

411 4086 455 4131 5.
489 4083 552 4132 In
581 4083 644 4133 P.
682 4083 952 4132 Vatinium
989 4087 1165 4134 testem
1199 4085 1472 4148 interroq„
1503 4085 1550 4144 3,
1583 4086 1633 4135 8.
