3100 5042
1280 520 1599 584 -89,

360 673 593 724 nonne
632 652 1001 728 verisimile
1042 660 1145 722 est
1182 654 1580 726 Ciceronem
1621 663 1928 745 separata
1964 676 2092 724 nec
2127 675 2165 723 a
2205 656 2512 725 Lucretio

360 771 657 862 perfecta
687 769 989 837 carmina
1019 776 1410 858 poematum
1442 773 1726 840 nomine
1755 771 2178 861 appellasse?

449 885 837 954 Occurritur
862 890 1095 954 tamen
1124 885 1351 954 adhuc
1380 886 1581 954 nobis
1609 907 1646 954 a
1677 887 1840 954 viris
1870 885 1958 953 do
1970 887 2117 971 ctiS,
2155 886 2292 973 qui,
2329 884 2512 973 quod

360 1023 575 1093 pauca
611 1001 694 1068 de
733 1000 1039 1070 Lucretio
1086 1001 1159 1068 in
1200 1022 1281 1070 ea
1330 1023 1535 1090 quam
1575 1003 1928 1072 attulimus
1975 1001 2292 1091 epistula,
2341 999 2512 1067 nihil

362 1122 590 1184 autem
638 1116 750 1184 vel
791 1117 863 1182 in
908 1116 1060 1183 aliis
1116 1117 1451 1205 epistulis,
1499 1118 1612 1186 vel
1668 1119 1740 1184 in
1790 1118 1932 1186 suis
1988 1117 2178 1185 libris
2235 1114 2502 1196 dixerit,

360 1234 577 1302 victos
609 1251 736 1299 nos
765 1237 1029 1320 putant.
1066 1231 1152 1300 At
1182 1230 1471 1310 Quintus
1500 1239 1673 1316 tum,
1707 1253 1861 1301 cum
1894 1231 1978 1300 ad
2011 1232 2210 1299 illum
2253 1231 2514 1299 litteras

361 1349 566 1416 frater
620 1345 951 1427 mittebat,
1000 1347 1396 1436 nuperrime
1442 1349 1527 1416 ab
1581 1348 1755 1417 Urbe
1805 1349 1896 1416 ita
1950 1347 2292 1437 profectus
2339 1353 2511 1429 erat,

360 1468 437 1532 ut
470 1448 514 1525 «'
546 1463 719 1529 nihil
758 1462 845 1530 ad
884 1461 1323 1538 scribendum
1362 1465 1746 1552 argumenti
1792 1489 1824 1525 »
1868 1464 1953 1530 M.
1999 1463 2260 1530 Tullius
2307 1461 2515 1529 habe-

361 1585 466 1647 ret
496 1578 555 1664 ¹3
592 1599 981 1668 paucosque
1010 1585 1167 1668 post
1204 1578 1353 1648 dies
1389 1581 1460 1647 in
1502 1581 1759 1648 Urbem
1798 1600 2116 1648 reversus
2157 1585 2260 1648 est
2289 1582 2333 1646 ².
2370 1578 2514 1655 Quo

363 1696 437 1761 fit
468 1700 543 1762 ut
564 1695 877 1780 QuIntuS,
912 1695 1239 1783 quoniam
1267 1695 1489 1762 Marco
1520 1694 1608 1762 de
1639 1695 1929 1763 Lucretii
1963 1715 2168 1782 opere
2191 1700 2256 1762 et
2286 1693 2514 1781 paullo

361 1817 521 1878 ante
579 1810 847 1878 locutus
909 1816 1052 1878 erat
1118 1817 1184 1878 et
1241 1811 1469 1899 paullo
1527 1817 1682 1900 post
1739 1812 2114 1891 locuturuS,
2169 1809 2402 1897 paucis
2449 1816 2516 1875 et

363 1925 595 1992 minus
668 1926 996 1993 accuratis
1058 1924 1289 1993 verbis
1355 1931 1718 1994 contentus
1775 1932 1976 1995 esset.
2048 1926 2221 1992 Ante
2287 1929 2516 1991 autem

364 2061 571 2130 quam
624 2041 953 2128 epistulae
1019 2039 1104 2107 ad
1163 2041 1492 2119 Quintum
1557 2039 1832 2109 missae
1869 2047 2054 2126 sunt,
2115 2039 2520 2109 brevissima

369 2177 603 2226 mense
658 2156 1014 2225 novembri
1062 2154 1218 2225 data
1264 2163 1409 2225 erat
1463 2157 1550 2225 ad
1605 2159 1900 2225 Atticum
1970 2157 2112 2246 (IV,
2177 2156 2310 2244 13),
2363 2176 2518 2222 cum

364 2274 653 2342 fortasse
683 2275 1035 2342 Lucretius
1066 2295 1104 2343 e
1134 2274 1273 2342 vita
1312 2273 1626 2341 nondum
1655 2281 2067 2356 excesserat3
2112 2278 2264 2361 post
2291 2278 2520 2340 autem

365 2413 574 2480 quam
612 2392 861 2480 missae
900 2397 1086 2473 sunt,
1131 2412 1269 2459 una
1307 2389 1462 2458 data
1506 2410 1747 2458 mense
1795 2391 1989 2479 aprili
2030 2389 2118 2456 ad
2165 2390 2522 2458 Caesarem

366 2514 491 2589 est,
537 2527 675 2574 una
704 2527 939 2575 mense
982 2508 1159 2574 maio
1200 2505 1286 2574 ad
1324 2506 1711 2574 Trebatium
1734 2513 1792 2591 3;
1834 2506 2092 2574 Atticus
2126 2525 2312 2588 ver0,
2350 2525 2522 2594 quo-

287 2695 294 2701 ,
370 2643 525 2708 cum
558 2622 645 2690 de
671 2622 1000 2711 Epicureo
1032 2628 1230 2710 poeta
1258 2621 1555 2708 colloqui
1587 2621 1977 2690 Ciceronem
2021 2640 2314 2709 aequum
2351 2627 2516 2706 erat,

369 2739 620 2806 Romae
648 2743 795 2805 tum
828 2757 983 2804 cum
1014 2737 1327 2804 familiari
1362 2757 1488 2804 suo
1518 2739 1934 2804 morabatur.
1970 2734 2144 2812 Quid
2183 2742 2410 2803 autem
2440 2734 2524 2802 de

371 2853 456 2922 M.
491 2853 688 2946 Tullii
718 2853 837 2941 qui
868 2857 1031 2920 sunt
1060 2852 1144 2920 de
1181 2851 1621 2942 philosophia
1651 2851 1844 2918 libris
1877 2851 2138 2918 dicam?
2168 2851 2244 2915 In
2278 2848 2524 2938 quibus

372 2969 487 3058 qui
541 2987 791 3055 magno
851 2987 1055 3056 opere
1104 2967 1471 3057 Epicurum
1530 2966 2031 3054 Epicureosque
2089 2963 2430 3031 lacessivit
2473 2965 2518 3044 ⁴,

371 3084 569 3152 illum
610 3082 776 3151 editi
816 3081 901 3151 de
945 3103 1176 3150 rerum
1222 3087 1464 3148 natura
1503 3080 1824 3148 carminis
1864 3080 1956 3146 ita
1993 3077 2320 3167 puduisse
2359 3098 2524 3145 con-

437 3318 481 3363 1.
509 3315 593 3363 Ad
623 3314 682 3375 Q.
709 3315 802 3376 fin,
836 3317 882 3376 2,
905 3319 952 3376 9,
986 3317 1029 3362 1.

434 3387 481 3433 2.
518 3385 579 3434 A.
614 3385 764 3434 Aem.
802 3386 1043 3434 Koerner
1076 3384 1358 3435 contendit
1383 3383 1679 3451 epistulam
1718 3380 1793 3430 ad
1823 3381 1879 3442 Q.
1905 3382 1999 3443 fr„
2027 3383 2074 3442 2,
2101 3385 2148 3442 9,
2167 3380 2227 3429 A.
2251 3381 2311 3430 U.
2334 3379 2386 3430 C.
2420 3382 2528 3440 700,

374 3459 514 3505 ante.
546 3456 612 3504 111
638 3455 716 3504 Id.
754 3457 885 3505 febr.
916 3456 1169 3517 scriptam
1204 3468 1339 3515 esse,
1367 3480 1430 3491 -
1450 3457 1497 3512 2,
1521 3455 1577 3502 10
1606 3452 1686 3502 Id.
1720 3453 1877 3513 febr„
1898 3479 1960 3487 —
1985 3454 2032 3513 2,
2063 3454 2118 3501 11
2151 3450 2416 3516 postridie
2445 3450 2528 3500 Id.

374 3524 507 3574 febr.
541 3525 674 3575 Vide
707 3526 956 3583 Koerner,
992 3526 1065 3574 De
1098 3524 1338 3588 epistulis
1364 3539 1397 3574 a
1429 3523 1672 3573 Cicerone
1691 3526 1811 3587 post
1837 3523 2068 3572 reditum
2095 3536 2257 3586 usque
2281 3521 2353 3571 ad
2375 3519 2531 3584 finem

374 3596 503 3643 anni
536 3597 599 3644 Α.
647 3596 702 3644 U.
736 3595 787 3644 C.
822 3597 928 3644 700
968 3595 1110 3645 datis
1149 3596 1478 3660 quaestiones
1507 3593 1916 3657 chronolo9icae,
1950 3592 2188 3653 Misniae,
2223 3591 2357 3649 1885,
2391 3606 2444 3653 p.
2471 3594 2531 3640 66

374 3668 426 3712 et
456 3666 615 3713 36-37.
649 3692 711 3700 —
740 3665 815 3714 Cs.
849 3665 1143 3714 Gerardum
1174 3665 1476 3720 Rauschen‚
1503 3664 1868 3727 Ephemerides
1899 3662 2172 3712 Tullianae
2209 3676 2382 3711 rerum
2407 3661 2529 3710 inde

372 3733 438 3782 ab
466 3734 651 3784 eaesilio
676 3733 932 3784 Ciceronis
951 3737 1129 3797 (mart.
1153 3734 1319 3783 LVIII
1346 3749 1405 3784 a.
1440 3733 1584 3796 Chr.)
1605 3748 1768 3798 usqae
1794 3733 1865 3782 ad
1889 3735 2172 3782 extremum
2199 3745 2396 3781 annum
2421 3731 2535 3780 LIV

374 3807 675 3867 ,qenai-um,
700 3805 938 3868 Bonnae,
975 3808 1111 3863 1886,
1140 3820 1193 3870 p.
1228 3808 1302 3854 15.

437 3877 484 3924 3.
516 3875 756 3925 Koerner
791 3879 845 3925 et
885 3877 1185 3926 Rauschen.
1217 3877 1315 3925 Hic
1349 3878 1529 3925 tamen
1572 3889 1757 3925 mense
1793 3874 2043 3938 januario
2073 3872 2358 3934 epistulam
2404 3869 2534 3921 dicit

376 3947 444 3996 ad
470 3947 541 3996 M.
578 3946 827 3996 Crassum
858 3947 1081 3996 missam
1113 3960 1228 3996 esse
1260 3946 1467 4010 (Epis-L,
1499 3948 1545 4008 5,
1579 3948 1645 4009 8).

442 4019 487 4066 4.
521 4016 655 4065 Vide
681 4019 796 4079 post
824 4017 932 4066 red.
960 4017 1013 4064 in
1040 4030 1163 4075 sen„
1194 4020 1240 4077 6,
1274 4019 1436 4075 14-15;
1462 4015 1527 4066 de
1559 4016 1628 4065 Re
1648 4013 1819 4079 publ„
1841 4014 1886 4073 3,
1913 4016 1988 4073 16,
2007 4016 2093 4073 26;
2126 4013 2269 4061 Tusc.
2297 4010 2454 4074 disp„
2484 4013 2531 4071 3,

376 4089 455 4148 21,
486 4089 663 4147 50-51;
690 4090 735 4147 5,
774 4089 854 4148 26,
887 4088 972 4147 Ἲ3;
1002 4089 1049 4147 5,
1081 4088 1160 4148 31,
1191 4089 1276 4146 88;
1311 4085 1374 4135 de
1405 4087 1525 4136 Nat.
1548 4086 1785 4147 deorum,
1830 4088 1875 4144 1,
1912 4086 1989 4143 26,
2023 4086 2106 4140 Ἡς
2143 4085 2193 4144 2,
2224 4085 2304 4143 29,
2341 4084 2430 4141 Ἲ4;
2469 4080 2534 4130 de

376 4158 513 4219 Div.,
551 4161 594 4216 1,
624 4161 671 4214 3,
695 4158 753 4218 5;
778 4157 850 4208 ad
873 4157 1002 4218 Aa„
1028 4159 1075 4217 2,
1107 4159 1151 4218 3,
1182 4160 1244 4217 2;
1270 4159 1317 4215 7,
1352 4159 1400 4216 2,
1436 4159 1492 4217 4;
1517 4157 1705 4220 Epist..
1741 4159 1816 4213 15,
1851 4157 1936 4217 16;
1967 4157 2042 4216 15,
2075 4155 2152 4213 18,
2185 4155 2230 4202 1.
