3100 5042
1608 515 1927 582 —16-

782 652 917 718 Cur
987 648 1196 737 igitur
1259 654 1512 717 tantam
1580 649 1965 739 impensam
2044 649 2119 718 in
2192 648 2581 719 istiusmodi
2648 650 2866 722 rebus

689 765 1088 836 coemendis
1128 765 1359 834 Cicero
1412 764 1745 833 faciebat?
1792 765 2124 851 Primum,
2169 785 2258 835 ne
2299 765 2467 853 quid
2504 785 2545 833 a
2585 765 2865 848 Graecis

687 883 1044 973 cognitum
1087 881 1428 970 ignorare,
1469 887 1589 949 aut
1632 881 1962 950 dilectum
2012 882 2206 971 parvi
2254 881 2478 950 facere
2524 881 2673 972 ipse
2722 883 2863 952 sibi

685 999 1067 1084 videretur3
1105 996 1378 1080 deinde,
1427 1003 1504 1064 ut
1545 996 1793 1067 divites
1839 998 1995 1066 illos
2040 999 2449 1084 imitaretur,
2488 999 2632 1087 qui,
2680 998 2861 1067 dum

685 1113 1088 1206 splendidas
1123 1112 1321 1181 villas
1351 1111 1702 1197 decorant,
1735 1113 2082 1182 Graeciam
2120 1113 2460 1182 artificum
2495 1114 2851 1202 operibus»,

680 1230 892 1299 immo
951 1226 1324 1296 artificibus
1389 1227 1556 1316 ipsis
1621 1228 2103 1309 orbaverant¹3
2171 1227 2503 1316 denique,
2566 1235 2645 1296 ut
2714 1229 2853 1300 sibi

681 1364 944 1413 morem
985 1348 1249 1433 gereret
1289 1342 1500 1427 laute,
1543 1348 1985 1432 sumptuosm·
2021 1363 2292 1433 semper
2327 1343 2583 1432 aliquid
2616 1364 2851 1414 emere

683 1459 1020 1550 gestienti.
1059 1458 1187 1536 Qui
1223 1458 1411 1526 enim
1432 1458 1673 1547 jocans
1702 1457 1872 1528 haec
1900 1458 2123 1528 aiebat
2156 1480 2172 1527 ε
2210 1485 2245 1522 «
2278 1459 2742 1529 Tusculanum
2780 1468 2852 1529 et

685 1575 1175 1663 Pompeianum
1224 1572 1427 1642 valde
1484 1594 1596 1642 me
1642 1572 2009 1660 delectant,
2051 1574 2187 1642 nisi
2231 1574 2419 1663 quod
2463 1594 2599 1656 me,
2646 1575 2845 1644 illum

681 1691 907 1780 ipsum
938 1688 1280 1758 vindicem
1311 1688 1488 1757 aeris
1517 1688 1750 1773 alieni,
1794 1707 1950 1758 aere
1980 1709 2121 1758 non
2142 1689 2519 1772 Corinthio,
2558 1689 2683 1758 sed
2712 1690 2848 1760 hoc

681 1806 1220 1876 circumforaneo
1247 1804 1660 1873 obruerunt'
1682 1831 1744 1891 »‚
1778 1802 1963 1874 idem
2002 1805 2117 1874 ille
2146 1825 2364 1874 novas
2399 1825 2619 1896 usque
2640 1807 2843 1874 villas
2912 1846 2917 1850 -

678 1961 768 1974 —
810 1941 982 2010 quas
1028 1929 1256 1990 tamen
1299 1919 1387 1988 ad
1429 1919 1793 1989 duodecim
1838 1919 2132 1990 habebat
2156 1959 2272 2007 —-‚
2306 1941 2521 1992 novas
2564 1921 2837 2008 domOS,

682 2057 864 2106 nova
893 2037 1288 2106 deversoria
1318 2035 1653 2125 cupiebat.

768 2151 899 2222 Sed
957 2153 1042 2221 de
1099 2151 1232 2220 hoc
1287 2151 1442 2240 plus
1484 2172 1693 2240 quam
1750 2152 1915 2220 satis
1962 2158 2088 2222 est.
2142 2152 2374 2222 Cicero
2430 2153 2616 2222 enim
2674 2153 2844 2222 haec

679 2267 948 2358 scripsit
1001 2268 1360 2336 verissima
1422 2293 1436 2336 ε
1506 2295 1538 2330 «
1610 2287 1763 2336 mea
1829 2266 2107 2355 quidem
2185 2269 2569 2351 sententia,
2631 2288 2839 2337 nemo

678 2385 923 2474 poterit
992 2404 1144 2453 esse
1206 2382 1399 2451 omni
1473 2381 1681 2452 laude
1747 2383 2137 2451 cumulatus
2202 2390 2453 2464 orator,
2515 2383 2650 2451 nisi
2712 2384 2842 2454 erit

676 2500 990 2570 omnium
1031 2520 1256 2568 rerum
1301 2519 1704 2587 magnarum
1748 2504 1953 2588 atque
1991 2499 2241 2566 artium
2282 2499 2640 2568 scientiam
2670 2521 2840 2569 con-

680 2620 955 2684 secutus
1007 2639 1021 2681 ε
1095 2615 1349 2683 etenim
1425 2635 1511 2682 ex
1577 2635 1810 2682 rerum
1875 2614 2268 2702 cognitione
2332 2614 2717 2684 efflorescat
2770 2623 2840 2684 et

679 2730 1021 2799 redundet
1061 2735 1326 2817 oportet
1364 2730 1578 2797 oratio
1601 2733 1645 2797 ³.
1687 2757 1719 2791 »
1755 2730 1908 2819 lpse
1950 2731 2179 2818 igitur,
2225 2736 2460 2819 utpote
2498 2730 2615 2820 qui
2663 2731 2839 2799 nihil

677 2847 914 2914 mallet
943 2864 1149 2935 quam
1187 2849 1266 2912 ut
1293 2845 1482 2913 omni
1521 2845 1726 2914 laude
1757 2846 2149 2914 cumulatus
2178 2852 2405 2915 orator
2430 2847 2649 2930 fieret,
2687 2867 2775 2916 ne
2794 2868 2840 2915 a

676 2960 1316 3030 mathematicorum
1353 2959 1637 3049 quidem
1678 2965 1797 3030 aut
1838 2961 2281 3051 physicorum
2328 2967 2446 3030 aut
2490 2963 2835 3050 ejusmodi

674 3079 1049 3146 multarum
1079 3097 1310 3147 rerum
1337 3077 1621 3146 scientia
1639 3077 2027 3145 abhorruit:
2053 3076 2537 3146 Archimedem
2558 3098 2831 3146 summo

670 3215 880 3286 opere
926 3194 1312 3279 laudabat‘,
1364 3201 1430 3261 et
1481 3194 1666 3260 Arati
1716 3194 2210 3262 Phaenomena
2258 3197 2326 3262 et
2371 3196 2832 3282 Proynostz‘ca

671 3309 1266 3399 interpretabatur.
1322 3310 1416 3376 De
1462 3329 1599 3396 quo
1650 3309 1721 3374 in
1776 3310 2071 3394 Dialoqo
2128 3310 2212 3377 de
2264 3309 2661 3378 oratoribus
2713 3309 2829 3378 ille

674 3425 987 3493 Messalla
1029 3445 1045 3491 ε
1095 3451 1128 3486 «
1171 3424 1482 3508 Hercule,
1529 3424 1816 3512 inquit⁸,
1861 3424 1931 3490 in
1971 3424 2163 3492 libris
2201 3424 2544 3492 Ciceronis
2592 3424 2827 3513 depre-

672 3538 975 3609 hendere
1019 3539 1173 3608 licet
1211 3559 1352 3607 non
1392 3540 1827 3628 geometriae,
1878 3560 2019 3608 non
2060 3539 2382 3623 musicae,
2417 3559 2560 3608 non
2600 3559 2828 3628 gram-

672 3657 983 3739 maticae,
1017 3676 1158 3724 non
1200 3654 1497 3744 denique
1538 3655 1747 3724 ullius
1784 3655 1945 3724 artis
1984 3657 2322 3745 ingenuae
2370 3656 2724 3724 scientiam
2765 3656 2826 3724 ei

736 3880 781 3926 1.
806 3877 926 3927 vid.
952 3877 1209 3937 Bennafa,
1247 3876 1320 3925 les
1355 3875 1878 3938 CollectionneurS...‚
1907 3891 1961 3940 p.
1994 3877 2040 3924 4.

736 3949 783 3996 2.
809 3946 895 3996 Ad
918 3946 1048 4007 Aet„
1071 3949 1117 4009 2,
1143 3948 1189 4006 1,
1223 3949 1298 3996 11.

734 4021 783 4067 3.
807 4018 885 4068 De
910 4021 1072 4079 orat„
1098 4020 1145 4079 1,
1177 4021 1224 4078 6,
1255 4021 1333 4068 20.

733 4091 782 4138 4.
820 4089 963 4138 Tusc.
991 4089 1150 4154 disp.,
1181 4093 1226 4153 5,
1263 4091 1340 4150 23,
1372 4091 1530 4140 64-66.
1574 4117 1632 4126 -
1661 4089 1735 4140 Cr.
1767 4089 1842 4139 De
1870 4089 2091 4154 republ„
2124 4090 2169 4148 1,
2204 4092 2281 4138 14.

734 4163 784 4210 5.
813 4159 952 4210 Dial.
985 4160 1050 4210 de
1077 4162 1230 4218 orat„
1265 4163 1342 4210 30.
