3100 5042
1605 556 1923 620 ...60-

688 694 973 763 modum
1022 712 1293 762 summa
1346 713 1502 760 cum
1555 711 1720 759 cura
1773 692 2116 759 Romanos
2153 690 2458 760 illustres
2502 710 2719 779 aeque
2764 711 2846 758 ac

689 812 978 879 Graecos
1009 805 1586 904 commemorabat
1614 806 1727 875 vel
1756 807 1985 895 potius
2014 806 2286 874 Graecis
2315 804 2778 894 anteponebat
2798 809 2842 888 ¹,

688 927 781 994 ita
810 927 1156 993 Romanos
1185 928 1443 1012 poetas,
1471 921 1556 990 de
1586 921 1837 1010 quibus
1865 926 2070 989 antea
2101 919 2267 1010 quid
2298 921 2528 988 Cicero
2557 921 2849 989 sentiret

689 1041 1216 1130 disputavimus,
1242 1037 1515 1126 saepius
1536 1043 1604 1105 et
1630 1036 1957 1105 libentius
1979 1056 2184 1124 quam
2205 1036 2496 1104 Graecos
2517 1035 2845 1103 laudabat

688 1154 1211 1245 proferebatque
1240 1155 1285 1236 ²,
1329 1172 1459 1220 nec
1491 1153 1769 1221 illorum
1803 1152 1973 1219 dura
2019 1150 2463 1239 obsoletaque
2501 1151 2846 1238 composi-

689 1273 875 1339 tione
906 1268 1398 1337 deterrebatur.

782 1385 974 1452 Tanti
1005 1391 1236 1451 autem
1274 1402 1433 1472 erga
1469 1383 1758 1472 patriam
1786 1382 2040 1450 amoris
2069 1381 2364 1472 pretium
2397 1382 2625 1450 statim
2659 1382 2842 1449 tulit.

691 1501 1116 1587 Quamquam
1166 1498 1352 1566 enim
1395 1498 1598 1565 Ennii
1644 1497 1964 1586 Acciique
2002 1517 2268 1580 versuS,
2323 1495 2490 1563 dum
2539 1497 2846 1564 carmina

692 1614 952 1696 condit,
997 1613 1413 1697 imitabatur,
1452 1614 1668 1703 ipsius
1707 1621 1934 1682 tamen
1974 1613 2049 1680 in
2089 1611 2506 1681 carminibus
2543 1612 2847 1682 flexibile

692 1731 910 1819 magis
950 1735 1019 1798 et
1061 1730 1476 1797 concinnum
1521 1729 1753 1797 nescio
1794 1727 1960 1818 quid
1997 1747 2150 1796 esse
2188 1727 2498 1816 apparuit
2525 1730 2580 1812 3;
2621 1728 2850 1795 soluta

692 1853 920 1914 autem
952 1846 1166 1913 oratio
1197 1850 1453 1933 quanto
1490 1844 1875 1932 priscorum
1918 1848 2273 1933 poetarum
2309 1842 2619 1912 versibus
2653 1850 2850 1910 ante-

692 1960 992 2043 celleret,
1042 1966 1110 2027 et
1156 1978 1361 2047 quam
1423 1979 1637 2046 prope
1692 1957 1778 2024 ad
1835 1977 2157 2046 graecum
2205 1977 2621 2039 sermonem,
2683 1978 2846 2024 cum

691 2075 884 2142 latini
923 2081 1156 2141 tamen
1196 2080 1496 2141 servaret
1542 2074 1882 2140 sermonis
1932 2073 2242 2158 virtuteS,
2277 2071 2650 2158 accederet,
2686 2074 2844 2160 quis

632 2195 636 2199 ’
692 2207 833 2256 non
857 2189 1258 2255 miraretur?
1274 2188 1443 2255 Cum
1469 2188 1655 2256 enim
1682 2195 1956 2276 cuperet
1975 2188 2062 2254 M.
2089 2187 2350 2255 Tullius
2370 2188 2628 2275 graecis
2645 2207 2844 2256 voca-

692 2303 898 2383 bulis,
926 2302 1176 2391 quibus
1206 2303 1351 2391 ipse
1380 2303 1450 2369 in
1492 2303 1803 2390 epistulis
1845 2303 2243 2391 saepissime
2282 2303 2618 2386 utebatur,
2653 2304 2843 2372 cives

692 2439 856 2487 suos
904 2438 1045 2485 non
1090 2438 1315 2506 egere,
1362 2419 1593 2485 omnia
1640 2418 1872 2500 latine,
1919 2438 2076 2485 cum
2117 2417 2328 2486 libros
2369 2424 2836 2506 componeret,

692 2536 1070 2624 exprimere
1111 2533 1432 2615 decrevit,
1477 2554 1608 2602 nec
1653 2533 1810 2623 plus
1858 2553 2100 2622 graece
2148 2534 2220 2599 in
2264 2533 2478 2601 latino
2519 2553 2838 2602 sermone
2943 2535 2956 2544 “

693 2669 901 2736 quam
921 2649 991 2714 in
1023 2667 1263 2736 graeco
1295 2648 1505 2716 latine
1535 2647 1722 2735 loqui
1747 2649 1794 2733 ⁴,
1831 2648 2309 2736 sermonisque
2337 2648 2529 2715 latini
2549 2667 2840 2737 pauper-

693 2771 926 2848 tatem,
970 2765 1181 2830 immo
1220 2769 1591 2851 egestatem
1632 2763 2065 2832 submovere.
2103 2763 2323 2846 Quod,
2359 2764 2674 2852 quamvis
2713 2762 2844 2830 dif-

694 2880 871 2949 ficile
904 2878 1106 2961 factu,
1145 2885 1218 2945 ut
1245 2871 1566 2959 efficeret,
1591 2899 1632 2946 a
1679 2879 2028 2948 veteribus
2073 2879 2352 2968 quidem
2399 2879 2840 2969 scriptoribus

695 2993 1057 3085 quaedam,
1094 3013 1237 3062 non
1268 2993 1481 3060 nimio
1515 3000 1742 3062 tamen
1775 2993 2028 3077 studio,
2054 2998 2406 3062 mutuatus
2435 2999 2539 3062 est
2562 2995 2616 3079 ⁸3
2641 2993 2836 3082 plura

758 3269 803 3314 1.
838 3268 982 3316 Tuse.
1014 3267 1171 3330 disp„
1203 3270 1249 3328 1,
1280 3268 1356 3327 30,
1392 3267 1561 3326 743de
1589 3266 1821 3330 Amicit.,
1843 3268 1892 3327 2,
1913 3267 2046 3315 6-10.
2081 3269 2138 3316 In
2165 3266 2228 3316 cle
2247 3266 2386 3327 Βία,
2417 3267 2464 3328 1,
2490 3266 2569 3325 26,
2604 3265 2676 3322 55,
2703 3265 2844 3325 post-

696 3350 855 3399 quam
892 3338 951 3396 Q.
985 3337 1169 3386 Tullus
1211 3338 1381 3386 multa
1418 3351 1483 3386 ex
1522 3337 1811 3388 annalibus
1845 3338 2173 3388 Graecorum
2214 3339 2464 3400 excerpta
2505 3348 2834 3385 commemo-

697 3407 855 3468 ravit,
880 3407 1013 3456 haec
1040 3407 1192 3456 addit
1222 3423 1235 3455 ε
1273 3427 1298 3452 «
1326 3406 1430 3457 Sed
1476 3408 1609 3470 quid
1649 3423 1750 3470 ego
1793 3408 2154 3458 Graecorum?
2185 3407 2376 3458 Nescio
2406 3420 2514 3469 quo
2549 3405 2712 3454 modo
2761 3417 2846 3454 me

698 3477 869 3538 magis
912 3482 1096 3526 nostra
1138 3477 1407 3529 delectant
1442 3500 1487 3526 ».
1530 3478 1850 3541 Marcusque
1891 3493 2127 3542 rursum,
2168 3482 2216 3540 2,
2251 3482 2299 3540 3,
2330 3480 2356 3526 8
2407 3492 2420 3525 z
2451 3496 2476 3522 α
2506 3477 2684 3527 Stoice
2714 3476 2844 3526 stoi-

698 3561 882 3596 corum
924 3547 1245 3597 sententiam
1288 3547 1598 3608 defendisti,
1634 3551 1887 3613 quodque
1922 3563 2008 3599 me
2048 3548 2567 3608 maximedelectat,
2597 3546 2846 3611 plurimis

697 3618 900 3667 nostris
930 3618 1189 3680 exemplis
1216 3631 1349 3668 usus
1380 3631 1457 3680 eS,
1488 3622 1543 3669 et
1571 3619 1634 3669 iis
1662 3621 1886 3684 quidem
1922 3620 2078 3671 claris
2113 3623 2167 3670 et
2191 3619 2509 3670 illustribus.
2542 3640 2563 3660 ι-

758 3691 805 3737 2.
833 3689 977 3747 Quos
1002 3689 1344 3751 potissimum
1371 3689 1686 3740 Latinorum
1715 3694 1994 3753 poetarum
2034 3692 2182 3742 locos
2219 3690 2375 3741 libris
2404 3688 2518 3740 suis
2555 3688 2845 3738 inseruerit

698 3760 767 3810 M.
798 3759 1017 3820 TulliuS,
1050 3760 1174 3810 vide
1204 3762 1347 3823 apud
1382 3761 1580 3823 Kuhik,
1611 3776 1663 3823 p.
1696 3763 1916 3812 346-347.

760 3833 806 3880 3.
838 3830 1089 3891 Boissier,
1115 3828 1309 3890 Attius,
1335 3846 1384 3893 p.
1418 3833 1474 3892 93
1504 3832 1678 3894 Patin,
1708 3823 1794 3882 E't.
1824 3847 1917 3882 sur
1939 3832 1994 3882 la
2010 3834 2184 3896 poesie
2211 3832 2329 3892 lat„
2355 3833 2461 3882 vol.
2487 3831 2526 3892 1,
2557 3845 2609 3894 p.
2642 3830 2722 3879 79.

758 3904 805 3950 4.
842 3900 985 3950 Tusc.
1018 3901 1173 3964 disp„
1210 3904 1257 3962 1,
1290 3904 1334 3961 8,
1369 3905 1453 3964 15;
1480 3901 1544 3952 de
1573 3903 1642 3952 Re
1667 3903 1836 3967 publ„
1869 3907 1915 3964 1,
1952 3905 2030 3965 42,
2062 3905 2140 3952 65.

761 3974 807 4022 5.
839 3972 937 4043 Sic,
971 3973 1025 4021 in
1072 3973 1286 4035 Timaea,
1336 3975 1413 4035 11,
1456 3976 1534 4033 39,
1577 3978 1758 4023 vetere
1795 3976 1980 4035 verb0,
2028 3995 2053 4020 α
2095 3973 2346 4036 prosapia
2385 3991 2410 4018 n
2451 3973 2639 4023 utitur.
2677 3999 2740 4007 —
2766 3969 2844 4018 Cf.

696 4042 891 4102 Kubik,
918 4056 968 4103 p.
1000 4045 1119 4106 3453
1142 4042 1309 4100 Patin,
1340 4043 1380 4104 Ι,
1412 4046 1523 4105 337,
1544 4048 1598 4093 et
1623 4045 1941 4107 opusculum
1973 4047 2075 4095 hoc
2104 4045 2250 4108 quod
2274 4044 2328 4092 in
2360 4044 2527 4093 Revue
2544 4041 2636 4092 des
2654 4042 2849 4091 Revues

697 4114 747 4161 et
760 4111 1119 4174 publications
1146 4112 1506 4177 d’acade'mies,
1538 4129 1588 4165 a.
1624 4118 1761 4177 1885,
1787 4131 1841 4178 p.
1873 4118 1950 4179 10,
1980 4117 2257 4166 laudatum
2292 4114 2628 4164 invenimus:
2652 4112 2844 4162 Schne-

698 4182 815 4243 fler,
846 4183 1059 4234 Cicer-on
1082 4186 1135 4234 et
1160 4184 1455 4235 l’Ancienne
1484 4186 1722 4237 Comedie
1749 4187 1997 4236 romaine.
