3100 5042
1195 509 1517 573 ..39-

281 647 566 716 nomine
595 646 1001 728 vocavisset,
1033 645 1342 733 proxima
1373 644 1542 712 haec
1572 642 1756 711 haud
1785 643 2187 732 imprudens
2216 644 2450 734 subje-

283 766 462 830 cerat
498 782 512 828 ε
553 787 587 822 «
633 781 822 844 nam,
861 767 934 827 ut
971 760 1238 849 opinor,
1272 759 1404 828 hoc
1433 759 1713 828 nomine
1743 761 1909 829 est¹.
1953 787 1985 821 »
2018 759 2190 838 Quid
2219 768 2447 830 autem

283 875 366 944 de
399 875 824 944 orationibus
861 875 934 943 in
974 875 1257 944 Verrem
1298 873 1542 957 dicam,
1581 895 1749 963 quas
1780 875 1907 942 etsi
1937 875 2093 942 stilo
2123 875 2438 962 confecit,

279 1013 420 1061 non
451 991 634 1081 apud
662 990 938 1080 judices*
969 991 1462 1080 pronuntiavit,
1494 990 1947 1060 nihilominus
1974 991 2193 1059 voluit
2212 991 2442 1061 Cicero

279 1107 361 1176 ab
407 1107 690 1175 indocto
747 1112 814 1175 et
863 1107 1115 1175 rustico
1174 1106 1454 1175 homine
1495 1107 1909 1195 compositas
1960 1127 2113 1176 esse
2170 1107 2438 1177 videri?

280 1224 606 1302 Quamvis
653 1224 841 1291 enim
885 1223 1102 1291 multa
1150 1223 1653 1311 praeclarorum
1694 1224 2029 1292 artificum
2070 1245 2275 1314 opera
2308 1226 2438 1294 ele-

279 1346 518 1427 ganter
557 1337 995 1423 describeret,
1041 1338 1371 1427 sagaciter
1401 1338 1758 1425 judicaret,
1808 1359 1881 1408 se
1930 1346 2159 1408 tamen
2197 1339 2442 1410 rudem

279 1456 525 1522 harum
557 1473 782 1523 rerum
823 1474 1000 1539 esse,
1033 1473 1160 1522 nec
1202 1460 1340 1521 tam
1375 1455 1669 1522 multum
1707 1456 1777 1522 in
1817 1455 1964 1536 istis
2000 1455 2205 1524 rebus
2237 1457 2437 1524 intel-

278 1573 540 1661 legere,
603 1591 808 1660 quam
887 1570 1104 1639 multa
1175 1570 1488 1656 vidisset,
1566 1570 1787 1640 aiebat
1822 1574 1881 1658 ’ς
1946 1572 2017 1638 in
2100 1573 2435 1641 artificum

279 1687 677 1755 nominibus
760 1687 1075 1754 consulto
1151 1686 1443 1754 haerens
1470 1739 1486 1770 ‚
1560 1686 2072 1755 nomenclatore
2099 1741 2114 1770 ,
2192 1693 2267 1755 ut
2340 1689 2432 1756 ita

277 1802 522 1886 dicam,
566 1800 885 1870 utebatur
933 1825 946 1867 ε
1007 1828 1040 1864 «
1089 1801 1530 1890 Canephoroe
1588 1802 1775 1890 ipsae
1820 1800 2258 1884 vocabantur,
2312 1801 2434 1871 sed

276 1939 513 1988 earum
583 1917 949 1998 artificem,
985 1915 1266 2005 quem?
1321 1915 1741 2006 quemnam?
1794 1917 1995 1985 Recte
2066 1914 2422 1998 admoneS‚

275 2033 676 2122 Polyclitum
706 2052 858 2100 esse
889 2031 1228 2100 dicebant.
1253 2069 1346 2084 --
1373 2032 1778 2101 Hercules...
1806 2032 1865 2100 is
1896 2030 2245 2100 dicebatur
2272 2051 2425 2102 esse

275 2150 600 2237 MyroniS,
661 2154 735 2215 ut
784 2148 1051 2236 opinor,
1095 2152 1161 2214 et
1211 2149 1434 2215 certe³
1480 2169 1557 2230 »;
1609 2166 1710 2232 ac,
1762 2155 1949 2216 tanta
2004 2169 2164 2216 cura
2201 2149 2431 2217 minus

275 2270 664 2348 contentus,
700 2284 813 2346 ne,
849 2262 1030 2350 quod
1064 2263 1270 2330 nimis
1321 2264 1536 2346 multa
1575 2265 1907 2332 memoria
1940 2269 2200 2332 teneret
2229 2284 2431 2333 accu-

275 2387 562 2464 saretur,
595 2380 1004 2462 «nimirum,
1032 2378 1406 2467 inquiebat,
1435 2377 1639 2446 didici
1670 2379 1899 2465 etiam,
1930 2377 2188 2446 durnin
2220 2380 2426 2448 istum

273 2497 571 2585 inquir0,
614 2495 949 2564 artificum
983 2495 1308 2562 nomina⁴
1346 2520 1409 2562 ».
1447 2494 1663 2572 Quam
1694 2494 1851 2562 ficto
1882 2499 2109 2562 autem
2150 2494 2424 2562 fastidio

273 2611 732 2701 pulcherrima
803 2630 1009 2699 opera
1069 2637 1102 2672 «
1167 2611 1299 2678 hoc
1353 2611 1585 2677 nescio
1658 2609 1824 2699 quid
1894 2611 2329 2698 nugatorium
2389 2637 2421 2672 »

271 2727 666 2816 appellavit,
701 2725 1126 2814 Graecosque
1165 2725 1449 2793 miratus
1487 2732 1591 2794 est
1630 2724 1833 2794 rebus
1869 2726 2041 2812 istis,
2077 2747 2246 2814 quas
2283 2727 2427 2814 ipse

273 2850 340 2912 et
376 2841 664 2910 Romani
706 2844 1250 2925 contemnerent,
1294 2840 1639 2927 delectari,
1674 2842 2036 2930 ipsumque
2068 2861 2141 2908 se
2171 2840 2427 2929 praedi·

272 2959 450 3027 cavit
493 2959 622 3026 ista
659 2955 744 3023 ad
786 2977 978 3025 suam
1027 2957 1359 3024 rationem
1411 2977 1750 3044 usumque
1794 2978 1998 3025 suum
2046 2977 2186 3023 non
2224 2957 2428 3024 aesti-

272 3076 534 3143 mare⁸l

360 3188 648 3269 Scilicet,
675 3207 830 3254 cum
860 3186 948 3254 ad
969 3186 1321 3274 vulgarem
1347 3205 1629 3253 sensum
1659 3185 2036 3252 orationem
2063 3190 2201 3251 tam
2226 3190 2421 3253 caute

269 3301 841 3384 accommodaret,
885 3300 1124 3370 aedilis
1184 3306 1450 3369 tantum
1508 3300 1737 3368 Cicero
1786 3299 2179 3388 designatus
2236 3306 2413 3382 erat3

268 3440 398 3489 nec
427 3411 660 3487 tamen
688 3438 772 3487 ex
803 3415 1142 3486 aedilitate
1173 3423 1242 3486 et
1272 3423 1583 3506 praetura
1602 3414 1882 3485 audacia
1910 3415 2139 3484 crevit.
2168 3416 2420 3485 Consul

268 3537 471 3605 etiam
513 3535 752 3617 factuS‚
791 3535 1092 3601 Ennium
1128 3532 1467 3622 ingeniosi
1504 3538 1746 3621 poetae
1783 3538 1850 3600 et
1886 3533 2179 3601 auctoris
2219 3531 2418 3602 valde

333 3733 378 3778 1.
404 3730 508 3777 Pro
537 3729 658 3779 Seoe.
684 3729 860 3780 Roscio
890 3730 1148 3792 Amet-ine,
1180 3730 1256 3790 16,
1287 3731 1366 3779 46.

331 3803 378 3849 2.
409 3801 484 3849 De
509 3802 765 3862 praetura
789 3801 944 3864 sicil„
975 3801 1052 3864 35,
1077 3802 1162 3861 873
1188 3801 1252 3850 de
1276 3800 1457 3865 siquae,
1487 3799 1565 3858 43,
1592 3801 1680 3858 943
1712 3825 1775 3834 —-
1806 3797 1874 3847 cr.
1906 3798 1954 3859 2,
1990 3799 2036 3848 4.

331 3871 377 3920 3.
409 3871 480 3919 De
502 3871 686 3934 siquis,
713 3872 760 3933 3,
793 3873 838 3920 5.

330 3942 378 3991 4.
405 3942 482 3992 De
509 3942 695 4006 siquis,
725 3945 775 4003 2,
804 3943 850 3991 4.

332 4014 378 4063 5.
413 4013 485 4062 De
507 4014 693 4077 siqui-5,
731 4016 810 4074 14,
835 4015 923 4076 333
953 4015 1033 4076 60,
1065 4014 1181 4074 1343
1210 4015 1261 4074 7,
1292 4013 1369 4063 13.
1395 4014 1470 4062 De
1500 4013 1601 4062 hac
1627 4024 1794 4076 quam
1827 4009 2064 4059 breviter
2098 4007 2418 4071 perstrinxi·

271 4097 390 4134 mus
431 4084 658 4134 materia
685 4085 811 4135 vide
835 4085 892 4134 E.
928 4086 1097 4135 Havet
1125 4085 1179 4134 in
1205 4085 1370 4134 Revue
1397 4083 1487 4134 des
1513 4098 1665 4133 cour-s
1698 4080 2000 4139 litter-uires,
2025 4081 2085 4129 20
2109 4079 2237 4129 aout
2268 4079 2415 4140 18643

270 4155 326 4204 E.
358 4155 638 4218 Bertrand,
665 4157 742 4206 De.
760 4157 976 4220 pictura
1001 4159 1052 4207 et
1079 4155 1430 4219 sculptura...,
1461 4169 1512 4217 p.
1544 4153 1688 4203 3435
1718 4157 1770 4204 et
1800 4154 1887 4214 4⁰3
1917 4151 2070 4202 alios·
