3100 5042
1470 545 1551 556 ...
1589 503 1670 574 63
1709 543 1792 556 ...

558 649 789 712 tamen
822 643 1327 724 necessitudine
1344 643 1643 734 quadam
1673 665 1830 713 cum
1861 644 2184 714 Cicerone
2213 651 2446 714 essent
2461 648 2710 736 juncti,

546 759 879 858 brutum,
951 757 1413 840 Cornificium,
1470 759 1796 845 Atticum,
1865 760 1900 826 J
1909 759 2123 828 ulium
2189 761 2570 832 Caesarem.
2633 763 2716 830 At

558 874 924 944 factionem
973 874 1163 942 illam
1200 881 1574 962 oratorum,
1627 875 1744 964 qui
1791 875 2197 964 arrogantia,
2248 895 2390 944 non
2435 877 2713 965 ingenio

560 990 936 1080 conspicui,
971 989 1471 1078 iniquissimam
1504 991 1692 1059 litem
1734 989 1824 1060 de
1861 991 2243 1081 principatu
2287 992 2714 1082 eloquentiae

551 1097 718 1186 ,cum
742 1106 891 1196 ipso
922 1103 1040 1172 diu
1069 1105 1449 1174 habuerant
1474 1108 1517 1184 ¹,
1552 1112 1774 1174 tacere
1805 1113 1872 1175 et
1891 1125 2328 1190 evanescere,
2353 1113 2713 1195 postquam

560 1219 849 1302 decessit
890 1220 1162 1303 CalvuS,
1211 1221 1327 1310 qui
1368 1220 1495 1289 fuit
1541 1203 1748 1310 longe
1796 1222 1976 1292 inter
2015 1222 2336 1291 homines
2375 1222 2715 1291 consulari

560 1337 871 1404 infensos
891 1337 1541 1424 praestantissimus,
1570 1339 1797 1429 jussit.
1835 1339 2010 1408 Istos
2041 1337 2223 1407 enim
2239 1339 2476 1427 jamin
2495 1345 2716 1408 Bruto

559 1449 1015 1534 asseverabat,
1050 1470 1207 1519 cum
1240 1450 1572 1537 dicerent,
1608 1474 1746 1521 non
1779 1452 1986 1523 modo
2015 1474 2056 1522 a
2085 1473 2362 1538 corona,
2395 1452 2580 1543 quod
2612 1462 2716 1522 est

559 1567 787 1654 ipsum
853 1564 1255 1647 miserabile,
1320 1565 1443 1636 sed
1506 1569 1709 1637 etiam
1768 1567 1853 1636 ab
1911 1567 2258 1639 advocatis
2324 1569 2617 1657 relinqui
2664 1570 2712 1636 ¹.

562 1677 852 1768 Moxque
879 1680 949 1747 in
982 1682 1399 1752 Tusculanis
1439 1684 2039 1770 disputationibus
2077 1704 2299 1774 genus
2339 1683 2717 1753 Atticorum
2793 1674 2808 1688 ⁸

560 1795 915 1864 cavillatus
944 1802 1047 1864 est
1082 1822 1115 1858 «
1158 1797 1275 1884 qui
1308 1798 1455 1887 jam
1492 1798 1964 1867 conticuerant
1999 1819 2217 1890 paene
2256 1799 2342 1868 ab
2381 1801 2530 1889 ipso
2567 1798 2716 1867 foro

559 1911 738 1979 irrisi
778 1913 801 1946 ³
839 1937 899 1978 ».
951 1910 1190 1978 Postea
1233 1910 1539 1997 demum,
1583 1912 2021 1982 demortuum
2062 1915 2458 1984 Ciceronem
2495 1914 2716 1982 laces-

560 2045 715 2096 sere
744 2045 1015 2093 rursum
1045 2025 1271 2113 Attici,
1314 2047 1589 2096 rursum
1628 2030 1992 2117 antiquarii
2032 2030 2436 2119 inceperunt
2463 2031 2508 2097 ⁴.

1610 2352 1667 2418 V

652 2529 1136 2613 Quaecumque
1166 2528 1394 2591 autem
1434 2541 1517 2590 ea
1552 2520 1771 2606 fuere,
1805 2520 2056 2610 quibus
2097 2521 2182 2589 ad
2221 2521 2714 2611 disputandum

563 2649 799 2713 contra
838 2639 1157 2728 aequales
1199 2633 1537 2726 quosdam
1567 2637 1656 2706 M.
1689 2637 1951 2705 Tullius
1993 2636 2332 2710 adductus
2363 2646 2492 2722 est,
2537 2646 2714 2708 certe

562 2761 639 2829 in'
674 2778 755 2827 eo
803 2752 1222 2845 gloriabatur
1258 2751 1442 2842 quod
1483 2759 1624 2820 tam
1667 2753 1885 2820 multa
1930 2753 2326 2822 tentavisset
2360 2778 2375 2822 ε
2425 2780 2461 2818 «
2500 2773 2706 2824 nemo

538 2874 778 2956 fenim,
812 2871 1058 2959 inquit,
1092 2874 1317 2936 orator
1342 2873 1484 2935 tam
1516 2867 1735 2936 multa
1762 2888 1851 2936 ne
1879 2868 1951 2935 in
1983 2888 2226 2957 graeco
2255 2868 2537 2958 quidem
2575 2869 2712 2939 otio

567 2988 860 3078 scripsit,
908 3005 1115 3075 quam
1174 2983 1389 3051 mulla
1442 2991 1605 3052 sunt
1661 2991 1932 3066 nostra,
1981 3003 2198 3072 eaque
2263 2984 2442 3052 hanc
2495 2985 2713 3074 ipsam

562 3104 819 3175 habent
863 3121 1071 3192 quam
1130 3098 1341 3188 probo
1386 3098 1783 3168 varietatem
1812 3101 1835 3134 ¹⁵
1876 3123 1948 3182 ”3
1993 3118 2265 3167 necnon
2301 3097 2503 3168 valde
2567 3100 2720 3169 eni-

506 3215 513 3220 ’
561 3220 829 3290 tebatur
892 3224 1001 3301 ut,
1074 3237 1227 3284 cum
1292 3213 1586 3282 Molonis
1659 3214 1826 3280 olim
1887 3211 2304 3304 discipulum
2360 3234 2503 3283 non
2563 3215 2711 3284 sine

562 3336 808 3405 timore
846 3330 1246 3400 admirantis
1293 3334 1580 3418 questus
1608 3330 1630 3362 ⁶
1662 3349 1935 3398 summo
1974 3348 2182 3417 opere
2209 3333 2706 3418 comprobaret,

628 3522 671 3568 1.
702 3515 836 3568 Vide
864 3515 1137 3568 Senecam,
1171 3511 1513 3570 Controvers„
1546 3515 1591 3571 7,
1621 3513 1667 3571 4,
1693 3515 1742 3569 6,
1776 3511 1843 3561 de
1873 3509 2029 3562 Calvo
2059 3511 2175 3574 ipso
2197 3512 2525 3575 loquentem.

624 3591 671 3638 2.
703 3588 868 3643 Brut„
903 3587 980 3642 84,
1012 3585 1120 3633 289.
1146 3611 1209 3618 —
1237 3583 1313 3632 Cr.
1342 3582 1406 3631 de
1434 3582 1551 3645 0μί.
1574 3597 1692 3645 qen.
1721 3584 1876 3643 orat„
1905 3584 1951 3643 4,
1984 3585 2060 3632 Η.

625 3662 671 3708 3.
709 3658 851 3707 Tusa.
877 3655 1030 3718 disp„
1060 3658 1106 3712 2,
1135 3656 1177 3711 l,
1209 3655 1256 3703 3.

626 3735 673 3780 4.
699 3731 773 3780 Dc
802 3727 988 3776 Asinio
1024 3726 1273 3791 Pollione
1302 3729 1355 3774 et
1390 3723 1456 3773 de
1486 3725 1674 3774 Asinio
1703 3725 1850 3774 Gallo
1885 3724 2004 3774 vide
2039 3723 2259 3784 Aulam,
2290 3723 2354 3773 de
2388 3724 2505 3774 Caii
2542 3723 2714 3786 Asinii

562 3801 815 3851 Pollionis
836 3799 944 3847 vila
970 3799 1019 3846 et
1041 3797 1269 3854 scriptis,
1296 3795 1528 3856 Parisiis,
1556 3795 1700 3858 apud
1727 3796 1950 3855 Thorin,
1981 3796 2120 3854 1877,
2152 3808 2204 3858 p.
2237 3795 2384 3844 68·70
2410 3799 2464 3844 et
2495 3793 2672 3846 75:1⁴1:

628 3877 671 3921 5.
702 3871 865 3926 Orat„
904 3871 983 3927 30,
1010 3869 1118 3917 108.
1147 3867 1287 3916 Haec
1315 3866 1475 3915 eliam
1509 3868 1672 3916 verba
1701 3866 2097 3916 animadvertas
2123 3865 2282 3914 velim
2311 3881 2324 3914 ε
2367 3888 2386 3907 α
2419 3865 2482 3916 Et
2509 3866 2563 3916 id
2593 3865 2712 3930 qui-

564 3944 686 3994 dem
737 3940 939 3990 nemini
992 3939 1150 3988 video
1193 3939 1515 3987 Graecorum
1560 3938 1736 3987 adhuc
1779 3938 2092 3998 contigisse,
2126 3940 2182 3985 ut
2217 3935 2362 3985 idem
2399 3941 2629 3998 utroque
2657 3936 2714 3986 in

565 4027 760 4077 genere
790 4011 1109 4069 elaboraret,
1141 4013 1566 4072 sequereturque
1590 4014 1643 4058 et
1668 4008 1799 4058 illud
1845 4009 2057 4058 forense
2091 4006 2306 4056 dicendi
2333 4012 2386 4057 et
2423 4007 2526 4058 hoc
2561 4007 2712 4071 quie-

564 4081 682 4136 tum'
701 4081 1215 4144 disputantligenus,
1244 4079 1345 4128 nisi
1369 4080 1506 4128 forte
1528 4079 1832 4129 Demetrius
1865 4079 2168 4128 Phalereus·
2195 4095 2220 4121 v>
2255 4077 2345 4140 (De
2365 4077 2479 4142 off„
2505 4080 2612 4139 1,1.
2645 4079 2710 4140 3.)

630 4159 677 4206 6.
709 4153 973 4204 Plutarchi
1009 4152 1123 4200 Vita
1154 4151 1279 4211 Cic„
1300 4153 1347 4200 4.
