3100 5042
1580 623 1658 632 -
1699 585 1778 648 36
1820 621 1898 630 -

671 743 877 810 quam
925 727 1026 806 ut,
1065 722 1396 808 jacturam
1441 719 1682 787 facturi
1722 717 2094 808 dignitatis,
2137 718 2393 785 talibus
2430 718 2639 786 armis
2674 737 2829 786 cum

671 838 939 906 Graecis
997 835 1513 905 contenderent.
1568 835 1787 912 Quare
1840 835 2095 901 factum
2143 839 2249 902 est
2303 840 2379 901 ut
2420 833 2829 922 amplissimi

669 953 939 1042 saepius
1000 952 1182 1020 cives
1239 950 1521 1018 omnino
1578 949 1831 1018 fuerint
1887 949 2239 1032 illitterati,
2300 949 2599 1037 Catoque
2652 951 2825 1038 ipse,

668 1068 926 1151 multiS,
968 1073 1046 1133 ut
1087 1065 1508 1155 temporibus
1543 1065 1706 1148 illis,
1756 1063 2081 1132 doctrinis
2122 1065 2523 1147 instructus,
2585 1065 2829 1132 rudem

668 1203 741 1251 se
788 1203 938 1250 esse
969 1181 1406 1250 simulaverit
1447 1186 1514 1248 et
1563 1180 1853 1248 Graecos
1915 1181 2001 1248 sit
2056 1185 2481 1268 aspernatus.
2532 1181 2825 1268 Progre-

666 1297 902 1365 diente
935 1304 1162 1365 tamen
1189 1302 1430 1377 aetate,
1463 1296 1721 1364 sensim
1753 1296 2115 1384 optimates
2150 1315 2222 1363 se
2252 1294 2819 1377 immutaverunt,

667 1413 1075 1499 Graeciaque
1129 1418 1320 1499 capta
1365 1411 1774 1479 lectissimos
1821 1410 2153 1478 victorum
2210 1411 2408 1498 cepit.
2460 1410 2579 1490 Ac,
2635 1416 2825 1500 post-

665 1546 868 1615 quam
946 1528 1295 1610 Catonem,
1351 1528 1494 1616 J‘am
1562 1545 1800 1594 senem
1866 1525 2147 1608 factum,
2218 1525 2479 1594 litteras
2546 1546 2825 1614 graecas

664 1642 924 1711 discere
955 1663 1095 1710 non
1127 1641 1394 1730 puduit,
1430 1662 1637 1729 quam
1667 1641 1865 1708 multi
1896 1641 2157 1709 litteras
2188 1641 2261 1708 in
2292 1661 2365 1708 se
2394 1661 2547 1708 esse
2588 1641 2823 1710 volue-

661 1765 845 1844 runt,
898 1759 1010 1824 alii
1065 1763 1332 1826 tantum
1378 1757 1725 1846 vulgareS,
1788 1757 1899 1823 alii
1949 1756 2310 1824 interiores
2368 1756 2703 1843 quasdam
2754 1765 2823 1824 et

661 1872 1080 1942 reconditasl
1115 1873 1331 1950 Quam
1370 1873 1597 1956 multi,
1640 1872 1782 1940 sive
1812 1876 2038 1960 patres
2076 1873 2223 1940 sive
2253 1872 2522 1959 equites
2552 1880 2748 1939 erant
2770 1874 2817 1956 ¹,

660 1987 1136 2076 philosophiae
1167 1987 1373 2055 simul
1399 2007 1477 2054 ac
1491 1987 1803 2075 publicae
1833 1992 1950 2054 aut
1978 1985 2389 2054 domesticae
2420 1987 2517 2054 rei
2540 2007 2818 2074 operam

662 2101 1040 2170 dederunt!
1105 2103 1319 2180 Quam
1397 2102 1595 2168 multi
1662 2101 1890 2182 etiam,
1950 2109 2029 2170 ut
2094 2121 2332 2189 graece
2395 2103 2823 2170 luculentius

661 2218 938 2298 scirent,
1006 2218 1295 2285 Graecos
1357 2216 1539 2305 apud
1596 2236 1670 2284 se
1730 2217 1988 2284 multos
2044 2237 2267 2285 annos
2339 2215 2813 2286 habuerunt2!

660 2334 747 2400 M.
816 2333 1014 2400 Tullii
1084 2333 1480 2421 praesertim
1548 2337 1734 2400 aetas
1801 2337 2057 2421 quanto
2136 2352 2341 2420 opere
2412 2339 2818 2400 ornatorum

660 2450 1020 2518 hominum
1073 2455 1141 2516 et
1188 2447 1615 2516 eruditorum
1656 2447 1901 2515 referta
1940 2447 2170 2532 fuerit,
2211 2453 2466 2536 quanto
2511 2448 2822 2536 philoso-

657 2564 882 2653 phiae,
915 2565 1419 2653 antiquitatum,
1463 2564 1968 2650 grammaticae,
2005 2561 2469 2630 doctrinarum
2500 2563 2815 2631 omnium

660 2679 940 2748 scientia
963 2679 1302 2763 claruerit,
1336 2677 1500 2766 quid
1530 2699 1703 2766 opus
1732 2685 1835 2746 est
1865 2677 2091 2746 denuo
2124 2677 2346 2746 dicam
2368 2683 2397 2743 ἲ
2425 2677 2556 2748 Sed
2586 2679 2820 2747 studia

659 2795 826 2861 haec
865 2792 1045 2881 plebi
1079 2794 1364 2860 minime
1402 2792 1889 2882 probabantur,
1934 2813 2133 2881 quae,
2181 2814 2338 2861 cum
2375 2794 2816 2863 animadver-

658 2910 853 2978 tisset
917 2910 1228 2995 Graecos,
1290 2909 1768 2997 intellegentes
1818 2908 1976 2978 illos
2032 2909 2422 2978 tabularum
2480 2911 2813 2998 pictarum

657 3031 774 3093 aut
839 3025 1222 3093 carminum
1271 3025 1795 3112 existimatores,
1856 3047 1998 3094 non
2059 3025 2201 3114 jam
2259 3026 2605 3114 publicam
2666 3046 2811 3094 rem

657 3162 893 3211 curare
923 3147 1039 3210 aut
1068 3140 1536 3226 domesticam,
1564 3148 1631 3210 et
1660 3142 1731 3208 in
1759 3142 1941 3210 vitiis
1970 3141 2509 3230 libidinibusque
2542 3143 2815 3230 saepius

656 3258 970 3340 volutari,
1007 3277 1299 3345 cumque
1330 3256 1448 3323 diu
1490 3277 1631 3324 non
1672 3257 1805 3325 nisi
1836 3277 2096 3342 ser-VOS,
2132 3266 2250 3325 aut
2276 3259 2661 3342 libertinOS,
2696 3267 2816 3327 aut

657 3373 895 3439 infima
933 3371 1176 3439 saltem
1222 3371 1496 3440 fortuna
1531 3373 1875 3442 Romanos
1914 3373 2230 3442 homines
2269 3375 2342 3440 in
2370 3374 2615 3441 litteris
2656 3393 2811 3443 ver-

659 3487 792 3555 sari
833 3485 1118 3554 vidisset
1144 3489 1186 3568 ³,
1235 3487 1803 3556 consuetudinem
1844 3509 2041 3557 suam
2078 3495 2348 3573 tenenS,
2384 3491 2815 3576 eloquentiae

658 3607 953 3685 tantum,
991 3600 1392 3700 vernaculae
1432 3601 1687 3670 scilicet
1722 3604 1872 3686 arti,
1908 3623 2107 3672 aures
2145 3603 2532 3691 praebebat,
2568 3603 2811 3673 laudes

724 3807 767 3853 1.
795 3804 870 3854 De
895 3804 1152 3854 Romanis
1177 3805 1602 3868 negotiatoribus
1630 3803 1753 3854 vide
1781 3804 2024 3861 Boissie'r,
2064 3804 2164 3853 Cic.
2188 3807 2241 3854 et
2262 3819 2339 3854 ses
2376 3807 2529 3865 amis,
2556 3820 2608 3868 p.
2639 3809 2747 3856 124.

717 3876 765 3924 2.
794 3874 914 3924 vid.
938 3889 1040 3939 pro
1069 3873 1284 3934 Archia,
1303 3876 1349 3932 3,
1377 3877 1432 3935 53
1463 3875 1519 3923 in
1543 3875 1668 3932 Pis„
1694 3876 1774 3936 28,
1798 3877 1884 3936 683
1906 3875 1969 3924 de
1990 3873 2159 3938 finib„
2183 3878 2229 3935 5,
2252 3879 2299 3937 3,
2326 3878 2381 3938 83
2407 3877 2609 3940 Epist„
2636 3879 2713 3937 13,
2731 3879 2808 3926 16.

657 3945 730 3996 Cf.
763 3947 1080 4006 Mommsen,
1111 3947 1355 4006 Histoire,
1392 3947 1496 3996 vol.
1529 3945 1671 4006 VIII,
1702 3960 1754 4010 p.
1776 3948 2015 4008 215-2193
2042 3947 2067 3996 J
2078 3945 2256 4007 ullien‚
2284 3945 2359 3996 les
2385 3949 2720 4011 Professeurs
2748 3949 2809 3998 de

655 4016 778 4078 litt„
816 4031 865 4078 p.
904 4019 1018 4080 182;
1050 4017 1271 4080 Teuffel,
1302 4018 1325 4080 ἒ
1356 4019 1463 4066 164.

717 4091 768 4140 3.
807 4088 938 4139 Vide
971 4089 1250 4152 Petitjean,
1279 4087 1530 4138 Lucilius.
1562 4087 1681 4137 Rdle
1703 4087 1767 4136 de
1800 4087 2032 4137 Lucilius
2060 4101 2131 4137 au
2160 4089 2308 4152 point
2333 4088 2395 4137 de
2427 4103 2523 4137 vue
2550 4089 2809 4138 littei-aire

657 4162 708 4208 et
733 4160 1108 4222 qrammatical
1135 4160 1267 4209 dans
1296 4159 1344 4208 le
1373 4162 1590 4223 proqrds
1626 4157 1691 4208 de
1719 4158 1772 4208 la
1800 4159 1989 4225 lanyue
2018 4161 2068 4208 et
2091 4157 2157 4208 de
2178 4157 2234 4208 la
2264 4158 2567 4208 litterature
2596 4159 2800 4220 latines,

656 4246 708 4295 p.
731 4231 822 4279 238
852 4234 906 4281 et
933 4231 1023 4280 337
1052 4231 1129 4293 (in
1162 4231 1390 4281 Annales
1412 4229 1479 4279 άο
1505 4230 1561 4279 Ia
1589 4228 1801 4280 Fac-ulte
1822 4231 1912 4280 des
1933 4230 2131 4280 Lettres
2158 4229 2223 4280 de
2246 4229 2399 4290 Caen,
2433 4231 2493 4294 1).
