3100 5042
1232 507 1552 572 ...27-

309 648 478 715 Rem
508 644 851 736 publicam
896 643 1352 712 nihilominus
1399 645 1733 732 attingere
1776 644 1981 733 cupit,
2020 651 2223 734 atque
2262 647 2354 713 ita
2392 665 2469 715 se

310 763 508 852 gerit,
541 760 715 829 utin
749 759 898 828 dies
923 759 1232 849 singulos
1262 764 1330 827 et
1359 758 1586 827 studia
1614 760 1687 826 in
1716 780 1791 828 se
1815 760 2178 830 hominum
2205 768 2273 829 et
2302 780 2467 850 opes

310 897 475 946 suae
522 882 935 966 augeantur;
990 876 1156 963 quin
1211 876 1360 964 ipse
1417 874 1547 943 sibi
1605 874 1776 944 adeo
1837 875 2194 966 discrepat,
2257 882 2334 944 ut
2396 877 2467 944 in

312 992 555 1062 eadem
586 993 900 1082 epistula,
939 999 1092 1079 post
1117 990 1326 1058 trium
1356 990 1585 1058 virum
1614 993 2169 1080 conjunctionem
2192 993 2464 1081 scripta,

311 1107 400 1176 de
433 1107 647 1176 libera
678 1108 1016 1196 legatione
1046 1107 1317 1196 cogitet,
1353 1113 1760 1196 auguratum
1808 1114 2106 1197 exoptet,
2140 1108 2355 1177 multa
2384 1108 2478 1178 de

309 1244 384 1292 re
422 1223 696 1312 publica
737 1229 956 1312 roget,
998 1221 1297 1310 denique
1337 1222 1674 1290 exclamet
1722 1222 1947 1293 subito
1991 1246 2008 1291 ε
2058 1252 2090 1287 «
2135 1224 2265 1293 Sed
2303 1222 2470 1314 quid

309 1360 438 1429 ego
494 1340 685 1419 haec,
754 1359 928 1428 quae
986 1339 1186 1427 cupio
1246 1336 1593 1427 deponere
1647 1344 1714 1406 et
1773 1346 1911 1408 toto
1978 1339 2205 1409 animo
2264 1346 2475 1430 atque

309 1457 500 1527 omni
527 1476 685 1524 cura
715 1451 1081 1549 φιλοσοφεῖν
1112 1455 1174 1520 ¹?
1215 1480 1246 1515 »

383 1570 754 1664 ’Φιλόσοφος
793 1571 1021 1660 igitur,
1063 1589 1189 1638 nec
1220 1569 1362 1657 jam
1395 1567 1714 1644 πολιτικὸς
1752 1571 1823 1638 in
1856 1578 2205 1661 posterum
2240 1574 2475 1642 Cicero

308 1691 456 1759 fiet!
512 1690 597 1756 At
653 1684 990 1780 φιλόσοφος
1045 1685 1160 1754 ille
1211 1688 1255 1768 ²,
1325 1684 1443 1753 uhi
1499 1686 1569 1753 in
1630 1686 1949 1754 exsilium
2019 1693 2123 1755 est
2182 1688 2467 1776 ejectuS,

311 1807 542 1874 statim
607 1802 779 1871 adeo
835 1801 1183 1890 affligitur,
1239 1805 1315 1869 ut
1367 1819 1454 1868 ne
1514 1800 1955 1889 philosophia
2011 1801 2289 1890 quidem
2345 1803 2469 1870 niti

313 1922 529 2011 possit
557 1923 611 2003 3;
646 1924 715 1987 et
741 1918 856 1986 ille
897 1917 1181 1985 minime
1217 1913 1562 1999 πολιτικός,
1595 1915 1777 1999 licet,
1812 1923 1968 2005 post
2001 1915 2325 2002 reditum,
2360 1937 2473 1986 res

312 2035 617 2126 publicas
651 2034 734 2101 ad
777 2053 851 2101 se
889 2032 1062 2100 nihil
1096 2033 1240 2122 jam
1277 2032 1592 2116 attinere,
1627 2039 1696 2100 et
1732 2031 1959 2099 locum
2000 2032 2199 2100 illum
2229 2032 2469 2118 animi,

313 2149 711 2220 stomachus
751 2147 868 2216 ubi
915 2147 1321 2216 habitaverit
1359 2146 1549 2231 olim,
1601 2147 2061 2216 concalluisse
2087 2148 2109 2182 ⁴
2148 2148 2467 2232 affirmet,

311 2265 583 2355 saepius
625 2269 860 2333 contra
905 2262 1066 2330 dicit
1105 2267 1172 2331 et
1215 2284 1229 2330 :
1270 2289 1304 2324 «
1342 2282 1582 2351 angor,
1620 2263 1950 2349 inquit‚...
1988 2269 2300 2331 nostrum
2338 2263 2471 2332 hoc

309 2387 582 2470 tempus
611 2380 871 2464 aetatis,
908 2378 1094 2468 quod
1125 2379 1196 2445 in
1241 2378 1361 2446 illa
1399 2378 1799 2446 auctoritate
1847 2378 2186 2446 senatoria
2225 2379 2469 2447 florere

309 2496 626 2580 debebat,
660 2501 776 2563 aut
805 2495 1061 2563 forensi
1101 2493 1336 2562 labore
1368 2493 1605 2582 jactari
1650 2498 1768 2561 aut
1808 2491 2201 2562 domesticis
2230 2493 2472 2562 litteris

311 2612 707 2696 sustentari,
742 2610 915 2679 illud
943 2630 1134 2691 ver0,
1172 2609 1358 2698 quod
1397 2629 1434 2676 a
1464 2628 1678 2698 puero
1708 2607 2136 2695 adamaram,

537 2806 770 2875 πολλὸν
801 2806 1154 2898 ἀριστεύειν
1203 2807 1310 2872 καὶ
1341 2801 1681 2898 ὑπείροχον
1723 2803 1994 2899 ἔμμεναι
2023 2804 2235 2870 ἄλλων

315 3015 533 3075 totum
592 3003 921 3073 occidisse
977 3006 1024 3072 ⁵.
1079 3030 1112 3065 »
1157 3001 1364 3069 Addit
1418 3001 1733 3072 inimicos
1790 3021 1829 3069 a
1889 3021 1963 3069 se
2019 3001 2264 3088 partim
2328 3021 2467 3068 non

311 3128 778 3211 oppugnatos,
838 3119 1084 3208 partim
1143 3119 1348 3187 etiam
1421 3137 1575 3186 esse
1632 3116 1991 3201 defenSOS,
2063 3137 2266 3184 suum
2329 3135 2466 3183 non

310 3235 519 3306 modo
569 3236 901 3319 animum,
946 3233 1068 3303 sed
1111 3254 1200 3302 ne
1241 3232 1476 3302 odium
1520 3230 1796 3321 quidem
1847 3250 1999 3299 esse
2047 3229 2501 3315 liberum...;.

310 3372 487 3441 quae
517 3359 744 3419 tamen
779 3350 1074 3439 effugere
1115 3356 1203 3433 et,
1241 3355 1315 3416 ut
1352 3348 1446 3415 ita
1486 3347 1733 3430 dicam,
1770 3366 2092 3436 respuere
2125 3347 2365 3436 potuit,
2411 3348 2467 3415 si

310 3469 397 3537 de
427 3488 501 3537 re
530 3466 802 3557 publica
831 3465 1214 3553 demigrare
1245 3470 1310 3534 et
1339 3465 1410 3532 in
1443 3463 1687 3532 litteris
1716 3462 1998 3531 tandem
2037 3464 2468 3552 acquiescere

309 3586 385 3652 in
420 3581 650 3670 animo
681 3602 842 3652 vere
884 3581 1266 3650 habuisset.

375 3808 420 3855 1.
450 3807 537 3855 Ad
567 3806 700 3869 Ait„
723 3807 771 3864 2,
792 3807 841 3865 5,
880 3806 937 3864 23
968 3803 1034 3853 cf.
1067 3803 1221 3864 2,13‚
1249 3802 1492 3862 232,16‚
1518 3802 1581 3863 33
1608 3803 1654 3864 2,
1688 3802 1765 3863 17,
1793 3803 1849 3862 13
1877 3803 1927 3863 2,
1957 3803 2036 3864 22,
2067 3803 2191 3862 332,
2215 3804 2292 3862 23,
2314 3801 2469 3862 3;31.

373 3881 420 3927 2.
453 3895 478 3922 α
511 3877 738 3945 Κικέρων
778 3877 805 3926 ὃ
857 3878 1124 3940 φιλόσοφος
1157 3875 1242 3924 τὸν
1290 3873 1545 3925 πολιτικὸν
1584 3871 1731 3923 Τίτον
1779 3873 2052 3932 ἀσπάζεται
2083 3891 2109 3918 w
2140 3873 2229 3936 (ad
2256 3872 2386 3936 Ata,
2421 3875 2468 3934 2,

312 3949 583 4069 affirm.
613 4018 689 4068 ad
715 4019 771 4078 Q.
792 4017 884 4081 fr„
917 4019 962 4080 1,
991 4018 1038 4078 3,
1069 4019 1116 4066 5.

371 4093 420 4140 4.
451 4091 535 4140 Ad
555 4091 688 4152 Act„
718 4093 766 4150 4,
797 4091 875 4150 18,
906 4092 965 4150 23
995 4102 1042 4138 a.
1077 4089 1187 4140 700.

375 4165 419 4212 25.
447 4160 533 4211 Ad
561 4161 619 4222 Q.
643 4161 738 4223 fn,
769 4164 817 4222 3,
850 4163 896 4222 5,
926 4162 972 4208 4.
