3100 5042
1586 529 1908 594 ..14-

666 669 888 755 Atque
966 663 1368 754 nosmetipsi
1444 664 1769 747 libenter,
1841 665 1971 734 nisi
2038 685 2077 734 a
2132 666 2483 756 proposito
2552 665 2829 755 digredi

666 783 1036 862 nollemuS,
1072 787 1326 870 quanto
1353 801 1512 849 cuin
1547 781 1795 870 gaudio
1826 787 2055 871 empta
2083 781 2213 850 sibi
2244 801 2449 870 opera
2480 783 2831 871 excipere,

667 899 1024 984 collocare,
1068 896 1412 980 adamare,
1463 897 1713 966 intueri
1767 899 2009 967 solitus
2064 899 2178 983 sit,
2222 900 2458 968 multis
2500 900 2836 988 epistula-

663 1035 820 1084 rum
856 1014 1026 1108 l'ocis
1071 1012 1318 1094 allatiS,
1363 1011 1905 1098 ostenderemuS,
1949 1035 2245 1103 quorum
2284 1035 2499 1083 unum
2542 1014 2829 1105 legead

665 1131 962 1199 Atticum
993 1133 1183 1216 grato
1230 1129 1460 1196 animo
1491 1129 1819 1217 scriptum
1856 1155 1873 1198 ε
1902 1156 1935 1191 «
1969 1130 2432 1199 Hermathena
2461 1135 2577 1200 tua
2614 1130 2823 1200 valde

665 1266 778 1314 me
811 1245 1125 1328 delectat,
1159 1250 1225 1312 et
1262 1244 1483 1334 posita
1519 1245 1613 1312 ita
1651 1245 1826 1313 belle
1855 1253 1981 1328 est,
2016 1251 2093 1314 ut
2128 1251 2346 1316 totum
2377 1247 2829 1337 gymnasium

667 1362 816 1450 ejus
853 1358 1144 1451 ἀνάθημα
1181 1379 1333 1428 6559
1371 1359 1681 1428 videatur
1718 1382 1733 1429 :
1770 1363 2063 1429 multum
2094 1367 2162 1430 te
2200 1365 2551 1431 amamus¹
2590 1389 2649 1432 ».
2686 1363 2830 1431 Sed

665 1477 981 1565 ignoscas
1010 1475 1246 1558 velim,
1286 1473 1348 1541 si
1382 1494 1520 1542 non
1553 1480 1695 1541 tam
1725 1474 1989 1544 sincero
2027 1475 2558 1564 vehementique
2590 1475 2823 1544 studio

667 1590 752 1658 ad
783 1591 1116 1659 artificum
1157 1610 1364 1679 opera
1401 1611 1609 1680 quam
1648 1590 1736 1658 ad
1772 1590 1985 1659 libros
2022 1590 2360 1660 exarsisse
2389 1592 2477 1658 M.
2519 1591 2827 1659 Tullium

668 1715 1170 1806 subjungamus
1187 1717 1231 1781 ⁸.

755 1831 928 1910 Quid
961 1831 1190 1900 enim?
1207 1830 1439 1900 Verris
1465 1851 1709 1900 vocem
1747 1831 1935 1920 parvi
1967 1831 2296 1900 faciamus
2326 1832 2512 1915 volo,
2539 1831 2825 1900 idiotam

662 1949 1054 2016 Ciceronem
1087 1946 1480 2029 vocitantis;
1501 1953 1571 2014 at
1600 1947 1715 2016 ille
1746 1947 2098 2035 signorum
2128 1948 2603 2036 pictarumque
2632 1947 2822 2032 tabu·

661 2067 885 2134 larum
923 2064 1340 2132 existimator
1387 2064 1588 2132 valde
1629 2065 1880 2149 bonus,
1930 2085 2088 2132 cum
2134 2086 2255 2154 per
2304 2065 2475 2133 alios
2520 2085 2817 2154 semper,

662 2201 803 2249 non
833 2201 953 2269 per
981 2199 1078 2265 se,
1113 2199 1286 2268 quae
1316 2187 1572 2249 emeret
1592 2181 1895 2269 eligeret,
1921 2201 2265 2269 nusquam
2297 2182 2369 2248 in
2395 2181 2708 2270 epistulis
2737 2201 2817 2250 se

661 2298 893 2387 pigere
921 2295 1287 2365 declaravit
1318 2295 1496 2383 quod
1529 2301 1797 2364 tantum
1829 2303 2105 2385 tamque
2137 2294 2528 2386 jucundum
2559 2316 2819 2365 munus

661 2433 804 2481 non
861 2412 1006 2500 ipse
1057 2415 1288 2500 posset
1344 2412 1711 2501 suscipere.
1761 2412 2137 2498 Praeterea,
2198 2412 2492 2481 emenda
2540 2411 2824 2480 curabat

661 2533 778 2597 aut
815 2534 1043 2617 empta
1074 2526 1506 2616 suspiciebat,
1540 2547 1681 2596 non
1730 2548 1904 2616 quae
1942 2528 2161 2596 forma
2198 2533 2265 2596 et
2305 2525 2821 2616 pulchritudine

659 2643 898 2713 ceteris
940 2642 1450 2726 antecellerent,
1486 2663 1615 2710 nec
1643 2663 1815 2732 quae
1846 2642 2245 2732 subscriptis
2282 2648 2625 2710 certorum
2654 2642 2817 2709 arti-

657 2761 864 2828 ficum
903 2756 1294 2825 nominibus
1335 2757 2003 2842 commendarentur,
2046 2778 2174 2826 nec
2222 2778 2395 2847 quae
2436 2778 2518 2826 6ο
2560 2777 2816 2846 genere

658 2881 726 2944 et
766 2874 1048 2942 artificio
1116 2880 1348 2940 essent
1388 2879 1462 2941 ut
1503 2873 1937 2963 potissimum
1986 2873 2113 2942 sibi
2166 2873 2643 2962 probarentur,
2692 2871 2813 2941 sed

656 2995 918 3058 tantum
964 3009 1162 3078 quae,
1197 3010 1332 3077 quo
1368 2998 1601 3058 essent
1635 2989 1929 3079 perfecta
1959 2994 2387 3078 argumento,
2426 3009 2582 3056 cum
2623 2988 2703 3056 iis
2744 2988 2815 3053 in

656 3105 906 3194 quibus
972 3111 1202 3173 essent
1257 3103 1659 3173 collocanda
1721 3104 1891 3172 locis
1955 3110 2109 3194 apte
2175 3124 2553 3192 congruere
2620 3103 2814 3170 vide-

657 3229 911 3292 rentur.
951 3223 1168 3300 Quare
1216 3222 1386 3290 haec
1413 3223 1631 3290 Attico
1675 3229 1793 3289 aut
1834 3221 2080 3289 similia
2122 3221 2338 3288 multa
2380 3219 2750 3288 mandabat
2792 3243 2806 3284 :

661 3365 694 3400 «
753 3340 875 3423 Tu,
926 3338 1168 3418 velim,
1233 3338 1288 3405 si
1357 3359 1491 3427 qua
1556 3344 1959 3406 ornamenta
2020 3333 2437 3428 γυμνασιὼδη
2512 3335 2811 3425 reperire

657 3455 933 3545 poteris,
991 3475 1165 3541 quae
1232 3454 1362 3521 loci
1421 3454 1560 3522 sint
1606 3455 1778 3542 erS‚
1815 3473 2019 3543 quem
2062 3459 2137 3520 tu
2192 3474 2331 3522 non
2376 3455 2682 3542 ignoras,
2725 3473 2811 3520 ne

658 3571 1152 3660 praetermittas
1186 3596 1218 3630 »
1249 3592 1266 3650 ;
1299 3607 1389 3620 —
1426 3596 1458 3631 «
1500 3570 1791 3637 velim...
1837 3589 2044 3657 quam
2085 3568 2378 3657 plurima
2416 3588 2623 3657 quam
2673 3569 2811 3657 pri-

658 3705 986 3776 mumque
1012 3686 1318 3753 mittas...
1340 3706 1514 3774 quae
1543 3684 1663 3752 tibi
1682 3684 2021 3773 gymnasii
2052 3686 2369 3774 xystique
2394 3683 2815 3752 videbuntur

658 3822 808 3870 9559
832 3823 902 3884 »;
930 3839 1020 3850 —
1049 3828 1078 3861 «
1115 3801 1295 3888 quod
1327 3800 1410 3868 ad
1444 3822 1555 3870 me
1588 3800 1671 3868 de
1701 3799 2159 3869 Hermathena
2192 3799 2457 3886 scribiS,
2494 3819 2614 3888 per
2646 3797 2810 3865 mihi

658 3924 920 4006 gratum
956 3926 1058 3985 est
1092 3939 1107 3984 ε
1135 3923 1238 3985 est
1269 3924 1748 3986 ornamentum
1770 3915 2173 3984 Academiae
2203 3916 2559 4004 proprium
2591 3933 2806 3995 meae,

720 4114 766 4233 ἑ.
798 4112 883 4232 g?
909 4112 1726 4246 gfitrihssie}'le}⁰cocleetionneurs
1754 4183 1819 4232 de
1840 4181 1991 4232 l’anc.
2024 4182 2193 4243 Rome,
2225 4196 2279 4244 p.
2306 4183 2469 4232 65—69.
