3100 5042
1474 485 1800 550 ...54-

578 632 723 694 arte
760 643 941 692 nova
977 627 1334 712 praecepta
1372 619 1606 690 ederet
1651 618 2020 701 revocavit,
2063 623 2134 687 et
2172 617 2258 686 de
2309 615 2728 704 temporibus

582 741 751 826 suiS,
785 759 874 810 ne
903 741 1186 810 omnino
1215 740 1287 808 in
1324 739 1672 809 oblivione
1704 738 2024 827 egregius
2051 736 2219 806 civis
2255 745 2325 806 et
2353 736 2730 804 consularis

576 859 853 947 jaceret,
880 855 1139 944 grande
1159 874 1434 923 carmen
1465 851 1798 939 condidit,
1823 859 1915 937 et,
1939 871 2068 920 are
2089 851 2362 941 publica
2380 850 2726 931 exclusus„

581 973 806 1040 fictam
867 971 1215 1059 omnique,
1269 976 1345 1038 ut
1406 969 1848 1058 opinabatur,
1909 974 2098 1056 parte
2155 966 2522 1055 perfectam
2574 965 2729 1034 des-

580 1087 814 1177 cripsit
851 1107 998 1156 rem
1038 1085 1407 1176 publicam,
1440 1087 1638 1176 cujus
1677 1085 2097 1152 simillimam
2137 1103 2288 1152 esse
2331 1081 2730 1150 labefactam

580 1228 661 1277 ac
688 1227 900 1296 prope
928 1225 1239 1276 eversam
1269 1225 1626 1275 romanam
1664 1205 2028 1285 civitatem,
2063 1204 2282 1272 ironia
2301 1207 2529 1287 utenS,
2553 1203 2730 1271 salse

581 1329 847 1399 dicebat
882 1331 925 1395 ¹.
970 1328 1303 1417 Denique,
1346 1347 1501 1396 cum
1553 1325 1641 1396 ad
1679 1325 2289 1396 administrandam
2328 1326 2628 1394 Ciliciam
2667 1331 2732 1394 et

578 1444 665 1514 ad
718 1442 1121 1528 sedandam,
1173 1443 1229 1511 si
1276 1440 1500 1512 sedari
1550 1448 1806 1531 posset,
1843 1442 2110 1510 civilem
2165 1442 2340 1510 inter
2376 1441 2731 1510 Caesarem

578 1565 648 1628 et
713 1559 1116 1648 Pompeium
1179 1557 1588 1627 discordiam
1655 1559 1916 1647 aliquot
1987 1577 2209 1626 annos
2265 1556 2671 1626 contulisset
2709 1611 2726 1640 ,

576 1680 906 1766 regnante
988 1675 1269 1743 Caesare
1336 1680 1438 1760 et,
1499 1680 1654 1763 post
1710 1673 2010 1742 Caesaris
2075 1693 2315 1742 necem
2334 1726 2350 1757 ,
2413 1672 2729 1762 prostrati

578 1789 920 1859 dictatoris
950 1791 1294 1879 stipatore,
1330 1788 1415 1858 de
1448 1790 1734 1858 oratoris
1764 1795 1904 1858 arte
1935 1790 2306 1858 novissima
2333 1787 2726 1872 edisseruit,

577 1906 942 1993 latinisque
980 1906 1218 1973 litteris
1256 1905 1764 1994 philosophiam
1805 1905 2098 1973 instituit
2133 1905 2502 1974 illustrare.

670 2020 845 2097 Quid
904 2021 1087 2087 enim
1129 2019 1315 2087 aliud
1360 2020 1636 2102 faceret,
1690 2041 1846 2088 cum
1900 2041 1941 2088 a
1998 2042 2071 2090 re
2121 2021 2392 2111 publica
2436 2021 2729 2091 forensi-

578 2135 844 2222 busque
898 2135 1187 2223 negotiis
1245 2135 1315 2204 vi
1367 2135 1866 2224 prohiberetur,
1919 2157 2143 2226 neque
2201 2142 2384 2206 esset
2437 2158 2728 2227 usquam

582 2249 872 2319 consilio
904 2255 1022 2317 aut
1048 2250 1423 2318 auctoritati
1456 2249 1714 2320 decus?
1742 2250 2073 2324 Πολιτείας
2101 2273 2373 2340 semper
2400 2259 2467 2321 et
2501 2253 2728 2322 nescio

588 2366 751 2456 quid
782 2363 1315 2458 συμὸουλευτικόν
1345 2373 1461 2434 aut
1500 2365 1966 2458 Ἡρακλείδειον
1996 2369 2313 2457 cogitanti
2343 2371 2364 2403 ²
2393 2368 2562 2436 nihil
2597 2368 2728 2436 nisi
2813 2449 2823 2460 ·

579 2481 899 2550 Catonem
932 2486 1049 2548 aut
1078 2457 1381 2550 Porciam
1412 2482 1693 2551 laudare
1723 2489 1798 2550 ut
1827 2504 1901 2552 se
1931 2503 2054 2572 pro
2094 2484 2241 2552 cive
2269 2489 2536 2572 gereret
2563 2503 2726 2552 con-

584 2592 983 2681 cedebatur3
1045 2595 1347 2685 pristinis
1408 2598 1615 2685 igitur
1670 2597 1948 2666 orbatus
1997 2597 2416 2681 muneribus,
2468 2618 2728 2666 novum

578 2730 834 2777 munus
878 2711 1214 2778 sustinere
1254 2710 1557 2780 decrevit
1594 2720 1685 2797 et,
1720 2715 1778 2781 si
1813 2714 2043 2782 minus
2081 2715 2151 2781 in
2194 2714 2389 2781 Curia
2424 2719 2629 2802 atque
2658 2714 2726 2780 in

578 2824 748 2909 foro,
798 2832 866 2893 at
920 2825 989 2892 in
1041 2825 1233 2894 libris
1280 2829 1692 2895 sententiam
1731 2829 1981 2915 dicere,
2028 2830 2427 2911 contionari,
2480 2829 2728 2918 guber·
2769 2910 2774 2914 ¹

579 2960 743 3016 nare
793 2961 937 3010 rem
980 2941 1349 3030 publicam.
1386 2943 1897 3033 Philosophiam
1940 2945 2065 3013 sibi
2115 2965 2237 3035 pro
2281 2946 2375 3016 rei
2417 2945 2727 3035 publicae

576 3057 1051 3146 procuratione
1094 3059 1530 3127 substitutam
1590 3081 1747 3129 cum
1799 3067 2068 3149 putaret
2103 3063 2147 3144 ³,
2192 3082 2338 3130 rem
2384 3059 2727 3153 publicam

579 3181 804 3240 tamen
836 3175 978 3242 no‘n
1008 3176 1482 3263 praetermisit,
1518 3177 1716 3265 cujus
1744 3176 2051 3245 studium
2091 3178 2296 3246 simul
2340 3199 2495 3247 cum
2534 3181 2727 3268 regni

578 3285 735 3354 odio
775 3288 846 3353 in
885 3290 1134 3357 animis
1174 3289 1477 3374 fovebat;
1512 3296 1581 3359 et
1622 3291 1806 3361 cives
1841 3293 1926 3362 de
1967 3293 2471 3362 contemnenda
2509 3300 2726 3365 morte

581 3397 941 3489 disputans
990 3405 1420 3474 confirmavit
1465 3407 1518 3489 *ς
1574 3412 1644 3476 et
1691 3407 1775 3476 de
1811 3407 2053 3477 officiis
2096 3409 2335 3496 multa,
2378 3415 2456 3477 ut
2500 3430 2726 3480 mores

577 3516 867 3585 civitatis
907 3517 1205 3607 perditos
1244 3521 1651 3607 restitueret,
1688 3523 2089 3614 conscripsit
2119 3527 2164 3610 ¹⁵,
2199 3525 2267 3592 in
2299 3524 2548 3614 quibus
2577 3546 2724 3596 sae-

639 3777 685 3823 1.
713 3771 797 3822 Ad
823 3773 955 3832 Att„
987 3775 1033 3834 4,
1064 3776 1140 3835 19,
1173 3778 1215 3824 1.

576 3916 604 3963 2
638 3847 684 3964 26.
713 3845 907 3908 Epist„
938 3847 984 3906 9,
1012 3848 1058 3908 2,
1088 3849 1144 3909 53
1173 3845 1247 3896 ad
1266 3848 1399 3910 Att„
1436 3851 1513 3910 12,
1548 3852 1628 3912 40,
1659 3852 1714 3912 23
1751 3853 1828 3913 15,
1865 3853 1911 3914 4,
1943 3855 1999 3914 3;
2028 3855 2104 3914 15,
2137 3854 2212 3914 13,
2255 3853 2313 3913 33
2348 3855 2426 3916 15,
2456 3855 2536 3924 27,
2561 3855 2617 3915 23
2647 3856 2720 3913 16,

609 3952 695 4036 ’a'
718 3987 795 4036 ne
822 3987 947 4049 div„
978 3989 1021 4045 2,
1055 3989 1101 4048 2,
1128 3990 1175 4037 7.

638 4061 682 4108 4.
714 4059 798 4107 Ad
816 4059 953 4120 Ate„
976 4062 1052 4119 15,
1088 4062 1133 4120 2,
1165 4062 1219 4120 43
1250 4064 1327 4123 15,
1353 4064 1399 4123 4,
1426 4065 1454 4112 2
1488 4068 1542 4113 et
1572 4065 1617 4112 3.

639 4133 682 4180 ²5.
714 4130 849 4180 Vide
878 4144 1017 4194 quae
1050 4131 1326 4194 disputent
1350 4133 1593 4196 Jeannel,
1621 4133 1758 4184 Unde
1785 4134 2106 4187 hauriantur
2130 4140 2181 4187 et
2205 4137 2456 4202 quomodo
2481 4139 2729 4188 sancian-
