3100 5042
1245 463 1567 525 ..25-

1371 751 1432 820 V

412 951 544 1020 Sed
598 950 684 1020 de
734 951 872 1020 illis
918 951 1302 1035 hactenUS,·
1335 950 1747 1039 quibuscum
1786 948 2172 1016 studiorum
2220 943 2478 1034 aliquid

326 1068 556 1136 Cicero
615 1065 1185 1135 communicabat.
1243 1067 1466 1150 Nunc,
1512 1071 1589 1132 ut
1644 1064 2003 1134 videamus
2046 1083 2253 1152 quem
2295 1059 2479 1150 apud

319 1183 520 1250 illum
548 1182 781 1252 locum
821 1183 1117 1273 optimae
1147 1187 1324 1251 artes
1355 1181 1800 1265 obtinuerint,
1836 1199 2247 1268 quaeremus
2276 1179 2476 1266 quale

318 1297 524 1366 rebus
553 1297 860 1367 adversis
891 1297 1282 1386 perfugium
1314 1318 1392 1365 ac
1431 1297 1762 1364 solacium
1791 1294 2254 1382 praebuerint,
2282 1315 2476 1361 num-

322 1435 456 1503 que
499 1416 592 1481 ita
627 1415 832 1482 unice
871 1413 1162 1482 dilectae
1200 1413 1456 1482 fuerint
1491 1418 1566 1481 ut
1594 1413 2016 1500 reliquarum
2045 1431 2277 1480 rerum
2306 1410 2481 1479 cala-

319 1529 629 1597 mitatem
665 1529 1210 1598 consolarentur.

408 1645 572 1713 Duri
617 1650 847 1713 tamen
891 1644 1105 1734 animi
1141 1648 1326 1712 esset
1361 1643 1583 1712 fusius
1622 1642 1987 1712 ostendere
2033 1641 2473 1730 quantulum,

317 1768 472 1849 post
517 1759 779 1828 Tulliae
823 1767 1142 1845 mortem,
1192 1758 1280 1827 ad
1323 1779 1703 1826 maerorem
1762 1759 1973 1847 patris
2020 1756 2476 1825 minuendum

316 1879 582 1946 litterae
637 1877 1002 1946 valuerint.
1073 1877 1352 1944 Frustra
1407 1875 1594 1944 enim
1663 1875 1917 1958 Cicero,
1978 1875 2048 1940 in
2106 1870 2477 1941 solitudine

315 1994 752 2082 potissimum
791 1993 1037 2062 vivens
1075 1985 1144 2060 et
1189 1991 1272 2059 ab
1323 1991 1513 2059 omni
1562 1990 1941 2059 abhorrens
1988 1989 2357 2077 colloquio,
2402 1994 2476 2056 ut

317 2109 626 2177 animum
670 2108 920 2176 leniret
975 2113 1404 2196 sanaretque,
1459 2112 1639 2176 totos
1693 2106 1843 2175 dies
1894 2109 1967 2174 in
2021 2107 2265 2174 litteris
2309 2125 2477 2173 con-

317 2222 654 2308 sumebat,
711 2221 797 2291 de
850 2222 1281 2312 philosophia
1335 2224 1550 2290 multa
1607 2220 2040 2304 conficiebat,
2100 2227 2167 2288 et
2215 2221 2472 2306 omnia,

315 2357 789 2427 quaecumque
829 2357 870 2405 a
923 2337 1338 2406 doctissimis
1388 2337 1552 2405 viris
1603 2336 1687 2404 ad
1744 2335 2116 2405 levandum
2168 2335 2476 2403 dolorem

314 2452 826 2523 accommodate
865 2454 1114 2541 scripta
1151 2459 1407 2537 essent,
1450 2459 1521 2520 in
1562 2453 1978 2541 peculiarem
2016 2454 2102 2520 de
2146 2452 2477 2521 Consola-

317 2571 510 2638 tione
539 2569 792 2637 librum
831 2568 1301 2637 transferebat.
1339 2570 1630 2636 Omnem
1661 2568 2203 2637 consolationem
2241 2568 2477 2636 vince-

311 2685 432 2753 bat
477 2684 697 2769 dolor,
753 2705 881 2753 nec
925 2684 1072 2752 ullo
1128 2684 1336 2753 modo
1386 2684 1657 2754 avocari
1712 2703 1752 2751 a
1794 2684 2132 2753 maestitia
2182 2689 2469 2773 poterat,

313 2800 451 2867 nisi
491 2799 578 2868 de
615 2797 963 2865 ἀποθεώσει
1002 2805 1069 2868 et
1106 2799 1191 2868 de
1226 2799 1388 2868 fano
1432 2800 1689 2868 Tulliae
1744 2799 2069 2889 erigendo
2110 2799 2467 2888 cogitaret3

311 2916 555 2984 litteris
584 2922 816 2984 autem
856 2936 930 2983 se
979 2915 1153 2983 nihil
1181 2916 1512 3004 proficere
1551 2936 1709 2984 cum
1745 2914 2035 2983 candide
2081 2915 2300 2982 Attico
2344 2933 2469 2982 suo

312 3051 460 3099 non
512 3031 838 3120 negabat,
906 3036 1232 3119 quantam
1298 3030 1645 3099 habebant
1698 3030 2031 3118 epistulae
2088 3031 2471 3098 misericor-

313 3145 536 3214 diam!
585 3173 618 3208 «
661 3145 834 3224 Quid
877 3152 1082 3235 ergo?
1119 3147 1412 3235 inquieS,
1466 3145 1637 3213 nihil
1680 3146 1985 3214 litterae?
2023 3147 2101 3213 In
2148 3146 2277 3214 hac
2317 3147 2471 3234 qui-

309 3259 474 3330 dem
531 3282 606 3330 re
645 3281 891 3330 vereor
940 3281 1029 3330 ne
1095 3261 1301 3330 etiam
1352 3265 1635 3346 contra3·
1684 3281 1848 3328 nam
1902 3281 2125 3330 essem
2182 3261 2470 3332 fortasse

311 3377 548 3445 durior
609 3400 624 3442 :
687 3376 957 3446 exculto
1016 3378 1202 3445 enim
1266 3379 1340 3444 in
1398 3378 1634 3446 animo
1693 3377 1867 3444 nihil
1933 3384 2222 3466 agreste,
2294 3379 2467 3447 nihil

309 3494 776 3562 inhumanum
801 3498 906 3561 est
935 3494 979 3560 ¹.
1017 3519 1050 3554 »

403 3608 565 3686 Quis
614 3627 806 3692 ver0,
866 3607 982 3696 qui
1038 3607 1322 3696 quidem
1380 3609 1639 3698 aliquid
1694 3611 1766 3677 in
1824 3630 1898 3679 se
1954 3609 2203 3679 habeat
2256 3611 2467 3679 animi

308 3725 598 3814 paterni,
634 3723 939 3792 Ciceroni
970 3723 1420 3795 vehementer
1466 3726 1831 3816 exprobret
1868 3726 2054 3815 quod
2101 3727 2468 3814 scriptione

303 3845 382 3908 et
407 3838 648 3907 litteris
667 3859 809 3907 non
838 3838 1093 3908 lenitus
1115 3841 1223 3924 sit,
1251 3841 1371 3910 sed
1399 3841 1846 3912 obturbatus?
1871 3842 2033 3919 Quis
2055 3842 2220 3910 item
2248 3845 2478 3932 possit·

376 4037 420 4084 1.
447 4035 530 4085 Ad
559 4037 693 4100 Act„
713 4039 789 4100 12,
812 4040 891 4099 46,
917 4042 960 4088 1.
992 4039 1124 4088 Vidc
1154 4043 1324 4090 totum
1351 4041 1497 4090 hunc
1523 4040 1877 4102 epistularum
1908 4040 1977 4092 ad
1999 4041 2240 4092 Atticum
2263 4042 2461 4092 librum

304 4105 420 4168 XII,
454 4107 726 4170 prioribus
755 4113 936 4159 tamen
973 4110 1223 4160 undecim
1256 4112 1508 4175 exceptiS.
