<?xml version="1.0" encoding="UTF-8"?>
<!DOCTYPE html PUBLIC "-//W3C//DTD XHTML 1.0 Transitional//EN"
    "http://www.w3.org/TR/xhtml1/DTD/xhtml1-transitional.dtd">
<html xmlns="http://www.w3.org/1999/xhtml" xml:lang="en" lang="en">
 <head>
  <title>
</title>
<meta http-equiv="Content-Type" content="text/html;charset=utf-8" />
  <meta name='ocr-system' content='tesseract 3.04.00' />
  <meta name='ocr-capabilities' content='ocr_page ocr_carea ocr_par ocr_line ocrx_word'/>
</head>
<body>
  <div class='ocr_page' id='page_1' title='image "./mtulliusciceroq00unkngoog_0061.png"; bbox 0 0 3100 5042; ppageno 0'>
   <div class='ocr_carea' id='block_1_1' title="bbox 1262 455 1583 519">
    <p class='ocr_par' dir='ltr' id='par_1_1' title="bbox 1262 455 1583 519">
     <span class='ocr_line' id='line_1_1' title="bbox 1262 455 1583 519; baseline 0 -17"><span class='ocrx_word' id='word_1_1' title='bbox 1262 455 1583 519; x_wconf 60' lang='grc'>,41-</span> 
     </span>
    </p>
   </div>
   <div class='ocr_carea' id='block_1_2' title="bbox 346 589 2511 4012">
    <p class='ocr_par' dir='ltr' id='par_1_2' title="bbox 346 589 2511 3517">
     <span class='ocr_line' id='line_1_2' title="bbox 355 589 2506 678; baseline -0.001 -17"><span class='ocrx_word' id='word_1_2' title='bbox 355 591 695 662; x_wconf 85' lang='lat' dir='ltr'>adversari</span> <span class='ocrx_word' id='word_1_3' title='bbox 738 589 1021 658; x_wconf 92' lang='lat' dir='ltr'>omnino</span> <span class='ocrx_word' id='word_1_4' title='bbox 1065 591 1298 658; x_wconf 86' lang='lat' dir='ltr'>velim.</span> <span class='ocrx_word' id='word_1_5' title='bbox 1340 590 1601 678; x_wconf 80' lang='lat' dir='ltr'>Quippe</span> <span class='ocrx_word' id='word_1_6' title='bbox 1639 595 1976 657; x_wconf 86' lang='lat' dir='ltr'>oratorem</span> <span class='ocrx_word' id='word_1_7' title='bbox 2014 590 2299 658; x_wconf 81' lang='lat' dir='ltr'>Archiae</span> <span class='ocrx_word' id='word_1_8' title='bbox 2339 612 2506 659; x_wconf 91' lang='lat' dir='ltr'>nus-</span> 
     </span>
     <span class='ocr_line' id='line_1_3' title="bbox 353 705 2505 796; baseline -0 -21"><span class='ocrx_word' id='word_1_9' title='bbox 353 727 560 796; x_wconf 85' lang='lat' dir='ltr'><strong>quam</strong></span> <span class='ocrx_word' id='word_1_10' title='bbox 603 705 894 773; x_wconf 89' lang='lat' dir='ltr'>oblitum</span> <span class='ocrx_word' id='word_1_11' title='bbox 932 724 1083 773; x_wconf 91' lang='lat' dir='ltr'>esse</span> <span class='ocrx_word' id='word_1_12' title='bbox 1121 709 1526 793; x_wconf 85' lang='lat' dir='ltr'>argumento</span> <span class='ocrx_word' id='word_1_13' title='bbox 1570 710 1675 773; x_wconf 89' lang='lat' dir='ltr'>est</span> <span class='ocrx_word' id='word_1_14' title='bbox 1710 705 1977 794; x_wconf 88' lang='lat' dir='ltr'>partitio</span> <span class='ocrx_word' id='word_1_15' title='bbox 2022 731 2037 774; x_wconf 92' lang='lat'><strong>:</strong></span> <span class='ocrx_word' id='word_1_16' title='bbox 2088 732 2121 766; x_wconf 92' lang='lat'>«</span> <span class='ocrx_word' id='word_1_17' title='bbox 2156 707 2505 774; x_wconf 89' lang='lat' dir='ltr'>Perficiam</span> 
     </span>
     <span class='ocr_line' id='line_1_4' title="bbox 351 819 2503 912; baseline 0 -24"><span class='ocrx_word' id='word_1_18' title='bbox 351 821 678 912; x_wconf 84' lang='lat' dir='ltr'>profecto,</span> <span class='ocrx_word' id='word_1_19' title='bbox 731 821 974 908; x_wconf 90' lang='lat' dir='ltr'>inquit,</span> <span class='ocrx_word' id='word_1_20' title='bbox 1039 826 1114 887; x_wconf 89' lang='lat' dir='ltr'>ut</span> <span class='ocrx_word' id='word_1_21' title='bbox 1169 821 1356 888; x_wconf 89' lang='lat' dir='ltr'>hunc</span> <span class='ocrx_word' id='word_1_22' title='bbox 1411 822 1493 888; x_wconf 89' lang='lat' dir='ltr'>A.</span> <span class='ocrx_word' id='word_1_23' title='bbox 1536 819 1872 887; x_wconf 91' lang='lat' dir='ltr'>Licinium</span> <span class='ocrx_word' id='word_1_24' title='bbox 1918 840 2059 887; x_wconf 89' lang='lat' dir='ltr'>non</span> <span class='ocrx_word' id='word_1_25' title='bbox 2107 819 2314 888; x_wconf 90' lang='lat' dir='ltr'>modo</span> <span class='ocrx_word' id='word_1_26' title='bbox 2364 841 2503 888; x_wconf 89' lang='lat' dir='ltr'>non</span> 
     </span>
     <span class='ocr_line' id='line_1_5' title="bbox 352 935 2499 1026; baseline -0.002 -20"><span class='ocrx_word' id='word_1_27' title='bbox 352 935 883 1026; x_wconf 84' lang='lat' dir='ltr'>segregandum,</span> <span class='ocrx_word' id='word_1_28' title='bbox 927 957 1085 1004; x_wconf 89' lang='lat' dir='ltr'>cum</span> <span class='ocrx_word' id='word_1_29' title='bbox 1135 937 1220 1004; x_wconf 93' lang='lat' dir='ltr'>sit</span> <span class='ocrx_word' id='word_1_30' title='bbox 1276 936 1464 1018; x_wconf 79' lang='lat' dir='ltr'>civiS,</span> <span class='ocrx_word' id='word_1_31' title='bbox 1517 955 1559 1002; x_wconf 91' lang='lat' dir='ltr'>a</span> <span class='ocrx_word' id='word_1_32' title='bbox 1596 955 1883 1004; x_wconf 91' lang='lat' dir='ltr'>numero</span> <span class='ocrx_word' id='word_1_33' title='bbox 1933 935 2207 1020; x_wconf 89' lang='lat' dir='ltr'>civium,</span> <span class='ocrx_word' id='word_1_34' title='bbox 2263 957 2499 1005; x_wconf 88' lang='lat' dir='ltr'>verum</span> 
     </span>
     <span class='ocr_line' id='line_1_6' title="bbox 351 1049 2505 1140; baseline -0 -19"><span class='ocrx_word' id='word_1_35' title='bbox 351 1053 583 1136; x_wconf 88' lang='lat' dir='ltr'>etiam,</span> <span class='ocrx_word' id='word_1_36' title='bbox 630 1053 687 1119; x_wconf 91' lang='lat' dir='ltr'>si</span> <span class='ocrx_word' id='word_1_37' title='bbox 738 1072 880 1119; x_wconf 90' lang='lat' dir='ltr'>non</span> <span class='ocrx_word' id='word_1_38' title='bbox 927 1055 1130 1134; x_wconf 89' lang='lat' dir='ltr'>esset,</span> <span class='ocrx_word' id='word_1_39' title='bbox 1177 1051 1428 1140; x_wconf 88' lang='lat' dir='ltr'>putetis</span> <span class='ocrx_word' id='word_1_40' title='bbox 1469 1049 1942 1120; x_wconf 78' lang='lat' dir='ltr'><strong>asciscendum</strong></span> <span class='ocrx_word' id='word_1_41' title='bbox 1988 1050 2237 1119; x_wconf 82' lang='lat' dir='ltr'>fuisse¹</span> <span class='ocrx_word' id='word_1_42' title='bbox 2284 1076 2349 1138; x_wconf 79' lang='lat'>»3</span> <span class='ocrx_word' id='word_1_43' title='bbox 2402 1058 2505 1119; x_wconf 89' lang='lat' dir='ltr'>est</span> 
     </span>
     <span class='ocr_line' id='line_1_7' title="bbox 350 1165 2499 1256; baseline -0.001 -20"><span class='ocrx_word' id='word_1_44' title='bbox 350 1169 582 1251; x_wconf 88' lang='lat' dir='ltr'>etiam,</span> <span class='ocrx_word' id='word_1_45' title='bbox 629 1187 720 1234; x_wconf 92' lang='lat' dir='ltr'>ne</span> <span class='ocrx_word' id='word_1_46' title='bbox 783 1167 980 1256; x_wconf 91' lang='lat' dir='ltr'>plura</span> <span class='ocrx_word' id='word_1_47' title='bbox 1025 1167 1162 1234; x_wconf 93' lang='lat' dir='ltr'>huc</span> <span class='ocrx_word' id='word_1_48' title='bbox 1213 1166 1516 1250; x_wconf 87' lang='lat' dir='ltr'>afferam,</span> <span class='ocrx_word' id='word_1_49' title='bbox 1571 1165 1687 1232; x_wconf 92' lang='lat' dir='ltr'>illa</span> <span class='ocrx_word' id='word_1_50' title='bbox 1740 1170 2083 1254; x_wconf 84' lang='lat' dir='ltr'><strong>tamquam</strong></span> <span class='ocrx_word' id='word_1_51' title='bbox 2134 1167 2499 1256; x_wconf 90' lang='lat' dir='ltr'>peroratio,</span> 
     </span>
     <span class='ocr_line' id='line_1_8' title="bbox 349 1281 2505 1372; baseline 0 -22"><span class='ocrx_word' id='word_1_52' title='bbox 349 1303 553 1372; x_wconf 81' lang='lat' dir='ltr'>quam</span> <span class='ocrx_word' id='word_1_53' title='bbox 576 1284 649 1349; x_wconf 91' lang='lat' dir='ltr'>in</span> <span class='ocrx_word' id='word_1_54' title='bbox 679 1302 798 1351; x_wconf 91' lang='lat' dir='ltr'>ore</span> <span class='ocrx_word' id='word_1_55' title='bbox 829 1282 1172 1350; x_wconf 80' lang='lat' dir='ltr'>Ciceronis</span> <span class='ocrx_word' id='word_1_56' title='bbox 1201 1281 1478 1350; x_wconf 82' lang='lat' dir='ltr'>assidue</span> <span class='ocrx_word' id='word_1_57' title='bbox 1499 1303 1655 1352; x_wconf 90' lang='lat' dir='ltr'>esse</span> <span class='ocrx_word' id='word_1_58' title='bbox 1676 1283 1981 1372; x_wconf 86' lang='lat' dir='ltr'>queritur</span> <span class='ocrx_word' id='word_1_59' title='bbox 2004 1284 2152 1372; x_wconf 91' lang='lat' dir='ltr'>ipse</span> <span class='ocrx_word' id='word_1_60' title='bbox 2171 1283 2505 1352; x_wconf 90' lang='lat' dir='ltr'>Aemilius</span> 
     </span>
     <span class='ocr_line' id='line_1_9' title="bbox 347 1401 2497 1489; baseline -0.001 -20"><span class='ocrx_word' id='word_1_61' title='bbox 347 1401 673 1469; x_wconf 88' lang='lat' dir='ltr'><strong>Thomas:</strong></span> <span class='ocrx_word' id='word_1_62' title='bbox 701 1403 912 1468; x_wconf 76' lang='lat' dir='ltr'>hunc.</span> <span class='ocrx_word' id='word_1_63' title='bbox 929 1454 942 1467; x_wconf 91' lang='lat'>.</span> <span class='ocrx_word' id='word_1_64' title='bbox 961 1453 973 1466; x_wconf 92' lang='lat'>.</span> <span class='ocrx_word' id='word_1_65' title='bbox 995 1419 1138 1468; x_wconf 82' lang='lat' dir='ltr'>non</span> <span class='ocrx_word' id='word_1_66' title='bbox 1161 1402 1685 1486; x_wconf 80' lang='lat' dir='ltr'>defendendum</span> <span class='ocrx_word' id='word_1_67' title='bbox 1690 1407 1939 1489; x_wconf 83' lang='lat' dir='ltr'>putem</span> <span class='ocrx_word' id='word_1_68' title='bbox 1954 1401 2044 1489; x_wconf 85' lang='lat'>(8,</span> <span class='ocrx_word' id='word_1_69' title='bbox 2078 1401 2204 1489; x_wconf 89' lang='lat'><strong>18),</strong></span> <span class='ocrx_word' id='word_1_70' title='bbox 2228 1404 2439 1470; x_wconf 78' lang='lat' dir='ltr'>hune.</span> <span class='ocrx_word' id='word_1_71' title='bbox 2456 1454 2497 1467; x_wconf 90' lang='lat'>..</span> 
     </span>
     <span class='ocr_line' id='line_1_10' title="bbox 349 1515 2505 1608; baseline 0 -24"><span class='ocrx_word' id='word_1_72' title='bbox 349 1519 808 1606; x_wconf 76' lang='lat' dir='ltr'>repudiamus</span> <span class='ocrx_word' id='word_1_73' title='bbox 843 1517 935 1604; x_wconf 84' lang='lat'>(9,</span> <span class='ocrx_word' id='word_1_74' title='bbox 969 1517 1099 1607; x_wconf 84' lang='lat'>19),</span> <span class='ocrx_word' id='word_1_75' title='bbox 1135 1519 1408 1585; x_wconf 74' lang='lat' dir='ltr'>huno...</span> <span class='ocrx_word' id='word_1_76' title='bbox 1435 1515 1964 1605; x_wconf 76' lang='lat' dir='ltr'>ejiciamus(10,</span> <span class='ocrx_word' id='word_1_77' title='bbox 1991 1517 2133 1608; x_wconf 78' lang='lat'>22),</span> <span class='ocrx_word' id='word_1_78' title='bbox 2160 1519 2322 1585; x_wconf 91' lang='lat' dir='ltr'>item</span> <span class='ocrx_word' id='word_1_79' title='bbox 2354 1519 2505 1586; x_wconf 91' lang='lat' dir='ltr'>reli·</span> 
     </span>
     <span class='ocr_line' id='line_1_11' title="bbox 348 1631 2504 1722; baseline -0 -22"><span class='ocrx_word' id='word_1_80' title='bbox 348 1635 544 1722; x_wconf 83' lang='lat' dir='ltr'>qua².</span> <span class='ocrx_word' id='word_1_81' title='bbox 572 1633 868 1700; x_wconf 86' lang='lat' dir='ltr'>Rursum</span> <span class='ocrx_word' id='word_1_82' title='bbox 898 1638 1128 1700; x_wconf 90' lang='lat' dir='ltr'>tamen</span> <span class='ocrx_word' id='word_1_83' title='bbox 1170 1631 1356 1700; x_wconf 92' lang='lat' dir='ltr'>haud</span> <span class='ocrx_word' id='word_1_84' title='bbox 1385 1633 1581 1700; x_wconf 88' lang='lat' dir='ltr'>facile</span> <span class='ocrx_word' id='word_1_85' title='bbox 1612 1634 2064 1700; x_wconf 82' lang='lat' dir='ltr'>concesserim</span> <span class='ocrx_word' id='word_1_86' title='bbox 2106 1633 2504 1701; x_wconf 89' lang='lat' dir='ltr'>Ciceronem</span> 
     </span>
     <span class='ocr_line' id='line_1_12' title="bbox 347 1747 2503 1837; baseline -0.001 -21"><span class='ocrx_word' id='word_1_87' title='bbox 347 1769 480 1837; x_wconf 88' lang='lat' dir='ltr'>qua</span> <span class='ocrx_word' id='word_1_88' title='bbox 520 1749 666 1816; x_wconf 94' lang='lat' dir='ltr'>sola</span> <span class='ocrx_word' id='word_1_89' title='bbox 703 1749 965 1817; x_wconf 84' lang='lat' dir='ltr'>ratione</span> <span class='ocrx_word' id='word_1_90' title='bbox 993 1755 1227 1837; x_wconf 90' lang='lat' dir='ltr'>posset</span> <span class='ocrx_word' id='word_1_91' title='bbox 1259 1749 1639 1816; x_wconf 90' lang='lat' dir='ltr'>orationem</span> <span class='ocrx_word' id='word_1_92' title='bbox 1674 1747 2118 1837; x_wconf 89' lang='lat' dir='ltr'>disposuisse,</span> <span class='ocrx_word' id='word_1_93' title='bbox 2154 1768 2283 1816; x_wconf 91' lang='lat' dir='ltr'>nec</span> <span class='ocrx_word' id='word_1_94' title='bbox 2318 1749 2503 1836; x_wconf 87' lang='lat' dir='ltr'>quic·</span> 
     </span>
     <span class='ocr_line' id='line_1_13' title="bbox 347 1862 2504 1952; baseline -0 -22"><span class='ocrx_word' id='word_1_95' title='bbox 347 1884 556 1952; x_wconf 89' lang='lat' dir='ltr'>quam</span> <span class='ocrx_word' id='word_1_96' title='bbox 594 1862 961 1945; x_wconf 87' lang='lat' dir='ltr'>addidisse,</span> <span class='ocrx_word' id='word_1_97' title='bbox 989 1862 1175 1951; x_wconf 86' lang='lat' dir='ltr'>quod</span> <span class='ocrx_word' id='word_1_98' title='bbox 1208 1869 1282 1931; x_wconf 89' lang='lat' dir='ltr'>ut</span> <span class='ocrx_word' id='word_1_99' title='bbox 1317 1862 1600 1932; x_wconf 84' lang='lat' dir='ltr'>adderet</span> <span class='ocrx_word' id='word_1_100' title='bbox 1636 1865 2014 1932; x_wconf 86' lang='lat' dir='ltr'>litterarum</span> <span class='ocrx_word' id='word_1_101' title='bbox 2038 1863 2265 1952; x_wconf 87' lang='lat' dir='ltr'>potius</span> <span class='ocrx_word' id='word_1_102' title='bbox 2299 1883 2504 1950; x_wconf 88' lang='lat' dir='ltr'>quam</span> 
     </span>
     <span class='ocr_line' id='line_1_14' title="bbox 346 1979 2503 2068; baseline -0 -22"><span class='ocrx_word' id='word_1_103' title='bbox 346 1979 634 2048; x_wconf 86' lang='lat' dir='ltr'>Archiae</span> <span class='ocrx_word' id='word_1_104' title='bbox 664 1999 921 2063; x_wconf 89' lang='lat' dir='ltr'>amore,</span> <span class='ocrx_word' id='word_1_105' title='bbox 957 1998 1256 2067; x_wconf 86' lang='lat' dir='ltr'>suaeque</span> <span class='ocrx_word' id='word_1_106' title='bbox 1287 1980 1516 2068; x_wconf 89' lang='lat' dir='ltr'>potius</span> <span class='ocrx_word' id='word_1_107' title='bbox 1546 2000 1752 2068; x_wconf 83' lang='lat' dir='ltr'>quam</span> <span class='ocrx_word' id='word_1_108' title='bbox 1783 1979 2047 2048; x_wconf 91' lang='lat' dir='ltr'>alienae</span> <span class='ocrx_word' id='word_1_109' title='bbox 2077 1979 2299 2047; x_wconf 84' lang='lat' dir='ltr'>famae</span> <span class='ocrx_word' id='word_1_110' title='bbox 2336 1999 2503 2047; x_wconf 86' lang='lat' dir='ltr'>con-</span> 
     </span>
     <span class='ocr_line' id='line_1_15' title="bbox 349 2094 2505 2184; baseline 0 -21"><span class='ocrx_word' id='word_1_111' title='bbox 349 2095 630 2163; x_wconf 91' lang='lat' dir='ltr'>scientia</span> <span class='ocrx_word' id='word_1_112' title='bbox 675 2094 1146 2164; x_wconf 82' lang='lat' dir='ltr'>adduceretur.</span> <span class='ocrx_word' id='word_1_113' title='bbox 1200 2096 1266 2163; x_wconf 90' lang='lat' dir='ltr'>Si</span> <span class='ocrx_word' id='word_1_114' title='bbox 1315 2097 1502 2164; x_wconf 91' lang='lat' dir='ltr'>enim</span> <span class='ocrx_word' id='word_1_115' title='bbox 1551 2096 1724 2163; x_wconf 91' lang='lat' dir='ltr'>nihil</span> <span class='ocrx_word' id='word_1_116' title='bbox 1773 2096 1959 2163; x_wconf 89' lang='lat' dir='ltr'>aliud</span> <span class='ocrx_word' id='word_1_117' title='bbox 2008 2097 2261 2184; x_wconf 84' lang='lat' dir='ltr'>egisset</span> <span class='ocrx_word' id='word_1_118' title='bbox 2298 2116 2505 2183; x_wconf 92' lang='lat' dir='ltr'>quam</span> 
     </span>
     <span class='ocr_line' id='line_1_16' title="bbox 349 2211 2501 2300; baseline -0.002 -19"><span class='ocrx_word' id='word_1_119' title='bbox 349 2221 422 2281; x_wconf 92' lang='lat' dir='ltr'>ut</span> <span class='ocrx_word' id='word_1_120' title='bbox 441 2213 758 2282; x_wconf 89' lang='lat' dir='ltr'>Archiam</span> <span class='ocrx_word' id='word_1_121' title='bbox 789 2219 1147 2298; x_wconf 87' lang='lat' dir='ltr'>tutaretur,</span> <span class='ocrx_word' id='word_1_122' title='bbox 1176 2212 1374 2279; x_wconf 91' lang='lat' dir='ltr'>illum</span> <span class='ocrx_word' id='word_1_123' title='bbox 1401 2212 1680 2300; x_wconf 91' lang='lat' dir='ltr'>quidem</span> <span class='ocrx_word' id='word_1_124' title='bbox 1710 2211 2318 2280; x_wconf 87' lang='lat' dir='ltr'>demonstravisset</span> <span class='ocrx_word' id='word_1_125' title='bbox 2347 2211 2501 2280; x_wconf 81' lang='lat' dir='ltr'>civi·</span> 
     </span>
     <span class='ocr_line' id='line_1_17' title="bbox 348 2325 2511 2412; baseline -0.002 -16"><span class='ocrx_word' id='word_1_126' title='bbox 348 2335 480 2396; x_wconf 85' lang='lat' dir='ltr'>tate</span> <span class='ocrx_word' id='word_1_127' title='bbox 503 2327 836 2396; x_wconf 87' lang='lat' dir='ltr'>donatum</span> <span class='ocrx_word' id='word_1_128' title='bbox 862 2329 1078 2411; x_wconf 80' lang='lat' dir='ltr'>esse³3</span> <span class='ocrx_word' id='word_1_129' title='bbox 1104 2347 1225 2396; x_wconf 89' lang='lat' dir='ltr'>cur</span> <span class='ocrx_word' id='word_1_130' title='bbox 1256 2346 1420 2396; x_wconf 88' lang='lat' dir='ltr'>vero</span> <span class='ocrx_word' id='word_1_131' title='bbox 1444 2332 1542 2394; x_wconf 88' lang='lat' dir='ltr'>tot</span> <span class='ocrx_word' id='word_1_132' title='bbox 1570 2327 1839 2394; x_wconf 85' lang='lat' dir='ltr'>fecisset</span> <span class='ocrx_word' id='word_1_133' title='bbox 1855 2325 2061 2395; x_wconf 88' lang='lat' dir='ltr'>verba</span> <span class='ocrx_word' id='word_1_134' title='bbox 2085 2332 2185 2412; x_wconf 84' lang='lat' dir='ltr'>ut,</span> <span class='ocrx_word' id='word_1_135' title='bbox 2207 2327 2423 2394; x_wconf 78' lang='lat' dir='ltr'>etiam</span> <span class='ocrx_word' id='word_1_136' title='bbox 2442 2328 2511 2393; x_wconf 76' lang='lat' dir='ltr'>Si</span> 
     </span>
     <span class='ocr_line' id='line_1_18' title="bbox 349 2440 2507 2532; baseline -0.003 -20"><span class='ocrx_word' id='word_1_137' title='bbox 349 2446 520 2512; x_wconf 78' lang='lat' dir='ltr'>civis</span> <span class='ocrx_word' id='word_1_138' title='bbox 537 2463 676 2512; x_wconf 79' lang='lat' dir='ltr'>non</span> <span class='ocrx_word' id='word_1_139' title='bbox 699 2451 894 2529; x_wconf 75' lang='lat' dir='ltr'>esset,</span> <span class='ocrx_word' id='word_1_140' title='bbox 910 2449 1229 2532; x_wconf 87' lang='lat' dir='ltr'>putarent</span> <span class='ocrx_word' id='word_1_141' title='bbox 1243 2442 1510 2530; x_wconf 82' lang='lat' dir='ltr'>judices</span> <span class='ocrx_word' id='word_1_142' title='bbox 1531 2443 2018 2510; x_wconf 78' lang='lat' dir='ltr'>asciscendum</span> <span class='ocrx_word' id='word_1_143' title='bbox 2036 2441 2230 2508; x_wconf 89' lang='lat' dir='ltr'>illum</span> <span class='ocrx_word' id='word_1_144' title='bbox 2252 2440 2507 2508; x_wconf 84' lang='lat' dir='ltr'>fuisse?</span> 
     </span>
     <span class='ocr_line' id='line_1_19' title="bbox 347 2557 2505 2650; baseline -0.001 -22"><span class='ocrx_word' id='word_1_145' title='bbox 347 2563 630 2650; x_wconf 87' lang='lat' dir='ltr'>Nempe,</span> <span class='ocrx_word' id='word_1_146' title='bbox 665 2561 1044 2628; x_wconf 89' lang='lat' dir='ltr'>litterarum</span> <span class='ocrx_word' id='word_1_147' title='bbox 1085 2559 1268 2627; x_wconf 90' lang='lat' dir='ltr'>ultor</span> <span class='ocrx_word' id='word_1_148' title='bbox 1302 2564 1370 2626; x_wconf 88' lang='lat' dir='ltr'>et</span> <span class='ocrx_word' id='word_1_149' title='bbox 1407 2560 1777 2643; x_wconf 85' lang='lat' dir='ltr'>restitutor,</span> <span class='ocrx_word' id='word_1_150' title='bbox 1812 2579 1970 2626; x_wconf 92' lang='lat' dir='ltr'>cum</span> <span class='ocrx_word' id='word_1_151' title='bbox 2003 2557 2505 2647; x_wconf 87' lang='lat' dir='ltr'>opportunitate</span> 
     </span>
     <span class='ocr_line' id='line_1_20' title="bbox 347 2674 2503 2765; baseline -0.002 -21"><span class='ocrx_word' id='word_1_152' title='bbox 347 2682 579 2765; x_wconf 90' lang='lat' dir='ltr'>posset</span> <span class='ocrx_word' id='word_1_153' title='bbox 624 2676 720 2744; x_wconf 87' lang='lat' dir='ltr'>uti</span> <span class='ocrx_word' id='word_1_154' title='bbox 777 2675 1139 2742; x_wconf 90' lang='lat' dir='ltr'>hominum</span> <span class='ocrx_word' id='word_1_155' title='bbox 1197 2674 1847 2742; x_wconf 86' lang='lat' dir='ltr'>litteratissimorum</span> <span class='ocrx_word' id='word_1_156' title='bbox 1904 2694 2303 2758; x_wconf 90' lang='lat' dir='ltr'>concursus,</span> <span class='ocrx_word' id='word_1_157' title='bbox 2363 2693 2503 2740; x_wconf 90' lang='lat' dir='ltr'>non</span> 
     </span>
     <span class='ocr_line' id='line_1_21' title="bbox 347 2789 2502 2880; baseline -0.001 -22"><span class='ocrx_word' id='word_1_158' title='bbox 347 2791 742 2858; x_wconf 87' lang='lat' dir='ltr'>absolutum</span> <span class='ocrx_word' id='word_1_159' title='bbox 771 2795 1043 2880; x_wconf 90' lang='lat' dir='ltr'>poetam</span> <span class='ocrx_word' id='word_1_160' title='bbox 1073 2790 1316 2871; x_wconf 85' lang='lat' dir='ltr'>voluit,</span> <span class='ocrx_word' id='word_1_161' title='bbox 1351 2789 1475 2858; x_wconf 90' lang='lat' dir='ltr'>sed</span> <span class='ocrx_word' id='word_1_162' title='bbox 1503 2795 1850 2874; x_wconf 86' lang='lat' dir='ltr'>ovantem,</span> <span class='ocrx_word' id='word_1_163' title='bbox 1873 2810 2000 2858; x_wconf 90' lang='lat' dir='ltr'>nec</span> <span class='ocrx_word' id='word_1_164' title='bbox 2030 2791 2259 2857; x_wconf 90' lang='lat' dir='ltr'>animo</span> <span class='ocrx_word' id='word_1_165' title='bbox 2286 2808 2502 2876; x_wconf 87' lang='lat' dir='ltr'>aequo</span> 
     </span>
     <span class='ocr_line' id='line_1_22' title="bbox 349 2902 2497 2995; baseline -0.002 -20"><span class='ocrx_word' id='word_1_166' title='bbox 349 2911 665 2995; x_wconf 85' lang='lat' dir='ltr'>exceptas</span> <span class='ocrx_word' id='word_1_167' title='bbox 701 2906 984 2988; x_wconf 82' lang='lat' dir='ltr'>litteraS,</span> <span class='ocrx_word' id='word_1_168' title='bbox 1021 2904 1142 2974; x_wconf 90' lang='lat' dir='ltr'>sed</span> <span class='ocrx_word' id='word_1_169' title='bbox 1173 2905 1363 2972; x_wconf 89' lang='lat' dir='ltr'>omni</span> <span class='ocrx_word' id='word_1_170' title='bbox 1404 2905 1630 2973; x_wconf 91' lang='lat' dir='ltr'>studio</span> <span class='ocrx_word' id='word_1_171' title='bbox 1662 2906 1971 2973; x_wconf 86' lang='lat' dir='ltr'>laudatas</span> <span class='ocrx_word' id='word_1_172' title='bbox 2004 2911 2069 2972; x_wconf 91' lang='lat' dir='ltr'>et</span> <span class='ocrx_word' id='word_1_173' title='bbox 2100 2902 2497 2972; x_wconf 81' lang='lat' dir='ltr'>celebratas,</span> 
     </span>
     <span class='ocr_line' id='line_1_23' title="bbox 351 3015 2503 3110; baseline -0.004 -18"><span class='ocrx_word' id='word_1_174' title='bbox 351 3023 416 3092; x_wconf 93' lang='lat' dir='ltr'>Si</span> <span class='ocrx_word' id='word_1_175' title='bbox 445 3028 673 3090; x_wconf 90' lang='lat' dir='ltr'>autem</span> <span class='ocrx_word' id='word_1_176' title='bbox 701 3041 825 3110; x_wconf 93' lang='lat' dir='ltr'>pro</span> <span class='ocrx_word' id='word_1_177' title='bbox 862 3020 1108 3088; x_wconf 90' lang='lat' dir='ltr'>Archia</span> <span class='ocrx_word' id='word_1_178' title='bbox 1145 3025 1439 3104; x_wconf 83' lang='lat' dir='ltr'>tantum,</span> <span class='ocrx_word' id='word_1_179' title='bbox 1462 3040 1631 3104; x_wconf 90' lang='lat' dir='ltr'>non,</span> <span class='ocrx_word' id='word_1_180' title='bbox 1674 3027 1747 3086; x_wconf 90' lang='lat' dir='ltr'>ut</span> <span class='ocrx_word' id='word_1_181' title='bbox 1775 3020 2163 3107; x_wconf 87' lang='lat' dir='ltr'>complures</span> <span class='ocrx_word' id='word_1_182' title='bbox 2193 3015 2503 3085; x_wconf 90' lang='lat' dir='ltr'>animad-</span> 
     </span>
     <span class='ocr_line' id='line_1_24' title="bbox 349 3130 2499 3225; baseline -0.004 -19"><span class='ocrx_word' id='word_1_183' title='bbox 349 3143 700 3206; x_wconf 87' lang='lat' dir='ltr'>verterunt</span> <span class='ocrx_word' id='word_1_184' title='bbox 727 3137 775 3220; x_wconf 77' lang='lat'>⁴,</span> <span class='ocrx_word' id='word_1_185' title='bbox 809 3136 1015 3204; x_wconf 89' lang='lat' dir='ltr'>etiam</span> <span class='ocrx_word' id='word_1_186' title='bbox 1054 3156 1178 3225; x_wconf 91' lang='lat' dir='ltr'>pro</span> <span class='ocrx_word' id='word_1_187' title='bbox 1223 3154 1296 3203; x_wconf 91' lang='lat' dir='ltr'>se</span> <span class='ocrx_word' id='word_1_188' title='bbox 1345 3134 1651 3220; x_wconf 88' lang='lat' dir='ltr'>dixisset,</span> <span class='ocrx_word' id='word_1_189' title='bbox 1694 3134 1890 3200; x_wconf 90' lang='lat' dir='ltr'>illum</span> <span class='ocrx_word' id='word_1_190' title='bbox 1943 3132 2220 3220; x_wconf 86' lang='lat' dir='ltr'>quidem</span> <span class='ocrx_word' id='word_1_191' title='bbox 2259 3130 2499 3199; x_wconf 90' lang='lat' dir='ltr'>lauda-</span> 
     </span>
     <span class='ocr_line' id='line_1_25' title="bbox 349 3309 2505 3374; baseline -0.002 -10"><span class='ocrx_word' id='word_1_192' title='bbox 349 3317 536 3364; x_wconf 81' lang='lat' dir='ltr'>raveur</span> <span class='ocrx_word' id='word_1_193' title='bbox 579 3313 872 3374; x_wconf 79' lang='lat' dir='ltr'>d&#39;ArchiaS,</span> <span class='ocrx_word' id='word_1_194' title='bbox 922 3313 1340 3363; x_wconf 87' lang='lat' dir='ltr'>indirectement</span> <span class='ocrx_word' id='word_1_195' title='bbox 1382 3316 1436 3362; x_wconf 87' lang='lat' dir='ltr'>et</span> <span class='ocrx_word' id='word_1_196' title='bbox 1479 3311 1959 3362; x_wconf 86' lang='lat' dir='ltr'>subsidiairement</span> <span class='ocrx_word' id='word_1_197' title='bbox 1994 3323 2099 3360; x_wconf 91' lang='lat' dir='ltr'>une</span> <span class='ocrx_word' id='word_1_198' title='bbox 2149 3309 2368 3360; x_wconf 75' lang='lat' dir='ltr'>defense</span> <span class='ocrx_word' id='word_1_199' title='bbox 2411 3309 2505 3360; x_wconf 84' lang='lat' dir='ltr'>des</span> 
     </span>
     <span class='ocr_line' id='line_1_26' title="bbox 347 3379 2507 3447; baseline -0.003 -13"><span class='ocrx_word' id='word_1_200' title='bbox 347 3386 532 3435; x_wconf 83' lang='lat' dir='ltr'>lettres</span> <span class='ocrx_word' id='word_1_201' title='bbox 565 3397 843 3447; x_wconf 86' lang='lat' dir='ltr'>grecques.</span> <span class='ocrx_word' id='word_1_202' title='bbox 878 3406 898 3425; x_wconf 62' lang='grc' dir='ltr'><strong><em>κ</em></strong></span> <span class='ocrx_word' id='word_1_203' title='bbox 931 3383 1041 3433; x_wconf 77' lang='lat' dir='ltr'>JOS.</span> <span class='ocrx_word' id='word_1_204' title='bbox 1073 3382 1398 3447; x_wconf 76' lang='lat' dir='ltr'>SchyrgenS,</span> <span class='ocrx_word' id='word_1_205' title='bbox 1419 3383 1575 3432; x_wconf 79' lang='lat' dir='ltr'>Essai</span> <span class='ocrx_word' id='word_1_206' title='bbox 1601 3380 1872 3445; x_wconf 71' lang='lat' dir='ltr'>d’analyse</span> <span class='ocrx_word' id='word_1_207' title='bbox 1895 3380 2129 3430; x_wconf 82' lang='lat' dir='ltr'>oratoire</span> <span class='ocrx_word' id='word_1_208' title='bbox 2166 3379 2240 3428; x_wconf 84' lang='lat' dir='ltr'>du</span> <span class='ocrx_word' id='word_1_209' title='bbox 2276 3380 2507 3430; x_wconf 76' lang='lat' dir='ltr'>discours</span> 
     </span>
     <span class='ocr_line' id='line_1_27' title="bbox 347 3453 1901 3517; baseline -0.003 -13"><span class='ocrx_word' id='word_1_210' title='bbox 347 3455 414 3504; x_wconf 82' lang='lat' dir='ltr'>de</span> <span class='ocrx_word' id='word_1_211' title='bbox 443 3455 654 3504; x_wconf 63' lang='lat' dir='ltr'>Cicer-on</span> <span class='ocrx_word' id='word_1_212' title='bbox 675 3467 814 3517; x_wconf 83' lang='lat' dir='ltr'>pour</span> <span class='ocrx_word' id='word_1_213' title='bbox 843 3453 891 3502; x_wconf 86' lang='lat' dir='ltr'>le</span> <span class='ocrx_word' id='word_1_214' title='bbox 915 3454 1064 3517; x_wconf 66' lang='lat' dir='ltr'>poete</span> <span class='ocrx_word' id='word_1_215' title='bbox 1089 3453 1331 3503; x_wconf 74' lang='lat' dir='ltr'>Archias,</span> <span class='ocrx_word' id='word_1_216' title='bbox 1359 3453 1536 3514; x_wconf 80' lang='lat' dir='ltr'>Liege‚</span> <span class='ocrx_word' id='word_1_217' title='bbox 1565 3453 1715 3513; x_wconf 80' lang='lat'><strong>18853</strong></span> <span class='ocrx_word' id='word_1_218' title='bbox 1745 3466 1796 3515; x_wconf 89' lang='lat' dir='ltr'>p.</span> <span class='ocrx_word' id='word_1_219' title='bbox 1824 3454 1901 3501; x_wconf 85' lang='lat'>12.</span> 
     </span>
    </p>

    <p class='ocr_par' dir='ltr' id='par_1_3' title="bbox 412 3527 1176 3657">
     <span class='ocr_line' id='line_1_28' title="bbox 412 3527 1176 3657; baseline -0.001 -13"><span class='ocrx_word' id='word_1_220' title='bbox 412 3529 459 3644; x_wconf 57' lang='grc' dir='ltr'>ἑ.</span> <span class='ocrx_word' id='word_1_221' title='bbox 485 3527 736 3655; x_wconf 51' lang='grc' dir='ltr'>ἓῆῑέἱῐιᾶε,</span> <span class='ocrx_word' id='word_1_222' title='bbox 759 3594 978 3655; x_wconf 64' lang='lat' dir='ltr'>intrent„</span> <span class='ocrx_word' id='word_1_223' title='bbox 1014 3609 1066 3657; x_wconf 91' lang='lat' dir='ltr'>p.</span> <span class='ocrx_word' id='word_1_224' title='bbox 1099 3597 1176 3645; x_wconf 84' lang='lat'>15.</span> 
     </span>
    </p>

    <p class='ocr_par' dir='ltr' id='par_1_4' title="bbox 349 3663 2506 4012">
     <span class='ocr_line' id='line_1_29' title="bbox 411 3663 2506 3730; baseline -0.002 -15"><span class='ocrx_word' id='word_1_225' title='bbox 411 3668 457 3715; x_wconf 86' lang='lat'>3.</span> <span class='ocrx_word' id='word_1_226' title='bbox 493 3665 646 3725; x_wconf 91' lang='lat' dir='ltr'>Quod</span> <span class='ocrx_word' id='word_1_227' title='bbox 677 3666 1108 3716; x_wconf 81' lang='lat' dir='ltr'>demonstratum</span> <span class='ocrx_word' id='word_1_228' title='bbox 1134 3667 1247 3728; x_wconf 75' lang='lat' dir='ltr'>Jam</span> <span class='ocrx_word' id='word_1_229' title='bbox 1275 3680 1390 3716; x_wconf 85' lang='lat' dir='ltr'>esse</span> <span class='ocrx_word' id='word_1_230' title='bbox 1422 3670 1839 3730; x_wconf 86' lang='lat' dir='ltr'>peroratamque</span> <span class='ocrx_word' id='word_1_231' title='bbox 1860 3677 1979 3714; x_wconf 88' lang='lat' dir='ltr'>esse</span> <span class='ocrx_word' id='word_1_232' title='bbox 2007 3678 2229 3715; x_wconf 85' lang='lat' dir='ltr'>causam</span> <span class='ocrx_word' id='word_1_233' title='bbox 2267 3663 2352 3712; x_wconf 86' lang='lat' dir='ltr'>bis</span> <span class='ocrx_word' id='word_1_234' title='bbox 2382 3677 2506 3712; x_wconf 92' lang='lat' dir='ltr'>con-</span> 
     </span>
     <span class='ocr_line' id='line_1_30' title="bbox 349 3733 2506 3800; baseline -0.002 -14"><span class='ocrx_word' id='word_1_235' title='bbox 349 3736 530 3788; x_wconf 87' lang='lat' dir='ltr'>firmat</span> <span class='ocrx_word' id='word_1_236' title='bbox 561 3737 747 3787; x_wconf 88' lang='lat' dir='ltr'>Cicero</span> <span class='ocrx_word' id='word_1_237' title='bbox 777 3739 1064 3798; x_wconf 86' lang='lat' dir='ltr'>antequam</span> <span class='ocrx_word' id='word_1_238' title='bbox 1100 3738 1333 3799; x_wconf 88' lang='lat' dir='ltr'>priorem</span> <span class='ocrx_word' id='word_1_239' title='bbox 1365 3736 1631 3786; x_wconf 89' lang='lat' dir='ltr'>orationis</span> <span class='ocrx_word' id='word_1_240' title='bbox 1660 3739 1867 3800; x_wconf 84' lang='lat' dir='ltr'>partem</span> <span class='ocrx_word' id='word_1_241' title='bbox 1897 3735 2130 3786; x_wconf 83' lang='lat' dir='ltr'>absolvit</span> <span class='ocrx_word' id='word_1_242' title='bbox 2160 3751 2173 3784; x_wconf 73' lang='grc' dir='ltr'><strong><em>ε</em></strong></span> <span class='ocrx_word' id='word_1_243' title='bbox 2210 3756 2231 3777; x_wconf 76' lang='grc' dir='ltr'>ι</span> <span class='ocrx_word' id='word_1_244' title='bbox 2272 3733 2328 3783; x_wconf 91' lang='lat' dir='ltr'>Si</span> <span class='ocrx_word' id='word_1_245' title='bbox 2370 3733 2506 3783; x_wconf 89' lang='lat' dir='ltr'>nihil</span> 
     </span>
     <span class='ocr_line' id='line_1_31' title="bbox 350 3803 2505 3869; baseline -0.001 -12"><span class='ocrx_word' id='word_1_246' title='bbox 350 3807 496 3858; x_wconf 86' lang='lat' dir='ltr'>aliud</span> <span class='ocrx_word' id='word_1_247' title='bbox 529 3807 634 3856; x_wconf 88' lang='lat' dir='ltr'>nisi</span> <span class='ocrx_word' id='word_1_248' title='bbox 666 3806 732 3856; x_wconf 91' lang='lat' dir='ltr'>de</span> <span class='ocrx_word' id='word_1_249' title='bbox 761 3807 976 3856; x_wconf 83' lang='lat' dir='ltr'>civitate</span> <span class='ocrx_word' id='word_1_250' title='bbox 1009 3820 1071 3856; x_wconf 86' lang='lat' dir='ltr'>ac</span> <span class='ocrx_word' id='word_1_251' title='bbox 1104 3808 1222 3868; x_wconf 86' lang='lat' dir='ltr'>lege</span> <span class='ocrx_word' id='word_1_252' title='bbox 1267 3807 1516 3868; x_wconf 75' lang='lat' dir='ltr'>dicimuS,</span> <span class='ocrx_word' id='word_1_253' title='bbox 1548 3807 1681 3856; x_wconf 85' lang='lat' dir='ltr'>nihil</span> <span class='ocrx_word' id='word_1_254' title='bbox 1717 3807 1840 3856; x_wconf 89' lang='lat' dir='ltr'>dico</span> <span class='ocrx_word' id='word_1_255' title='bbox 1872 3806 2134 3869; x_wconf 75' lang='lat' dir='ltr'>ampliu83</span> <span class='ocrx_word' id='word_1_256' title='bbox 2157 3817 2323 3854; x_wconf 86' lang='lat' dir='ltr'>causa</span> <span class='ocrx_word' id='word_1_257' title='bbox 2361 3803 2505 3854; x_wconf 86' lang='lat' dir='ltr'>dicta</span> 
     </span>
     <span class='ocr_line' id='line_1_32' title="bbox 349 3874 2504 3942; baseline -0.001 -14"><span class='ocrx_word' id='word_1_258' title='bbox 349 3884 447 3928; x_wconf 83' lang='lat' dir='ltr'>est.</span> <span class='ocrx_word' id='word_1_259' title='bbox 483 3901 503 3920; x_wconf 83' lang='lat'><strong>»</strong></span> <span class='ocrx_word' id='word_1_260' title='bbox 537 3880 585 3938; x_wconf 78' lang='lat'>4,</span> <span class='ocrx_word' id='word_1_261' title='bbox 621 3877 676 3938; x_wconf 80' lang='lat'>83</span> <span class='ocrx_word' id='word_1_262' title='bbox 722 3897 743 3918; x_wconf 73' lang='grc' dir='ltr'>«ι</span> <span class='ocrx_word' id='word_1_263' title='bbox 775 3877 982 3936; x_wconf 87' lang='lat' dir='ltr'>Quaere</span> <span class='ocrx_word' id='word_1_264' title='bbox 1027 3881 1367 3940; x_wconf 83' lang='lat' dir='ltr'>argumenta,</span> <span class='ocrx_word' id='word_1_265' title='bbox 1401 3879 1448 3927; x_wconf 90' lang='lat' dir='ltr'>si</span> <span class='ocrx_word' id='word_1_266' title='bbox 1482 3891 1622 3941; x_wconf 87' lang='lat' dir='ltr'>quae</span> <span class='ocrx_word' id='word_1_267' title='bbox 1664 3882 1819 3942; x_wconf 86' lang='lat' dir='ltr'>potes</span> <span class='ocrx_word' id='word_1_268' title='bbox 1851 3893 1864 3926; x_wconf 73' lang='grc' dir='ltr'><em>ε</em></span> <span class='ocrx_word' id='word_1_269' title='bbox 1894 3889 2192 3940; x_wconf 87' lang='lat' dir='ltr'>numquam</span> <span class='ocrx_word' id='word_1_270' title='bbox 2234 3874 2380 3924; x_wconf 91' lang='lat' dir='ltr'>enim</span> <span class='ocrx_word' id='word_1_271' title='bbox 2414 3875 2504 3925; x_wconf 86' lang='lat' dir='ltr'>hic</span> 
     </span>
     <span class='ocr_line' id='line_1_33' title="bbox 352 3948 2001 4012; baseline -0.003 -12"><span class='ocrx_word' id='word_1_272' title='bbox 352 3963 528 4012; x_wconf 90' lang='lat' dir='ltr'>neque</span> <span class='ocrx_word' id='word_1_273' title='bbox 548 3961 648 3998; x_wconf 85' lang='lat' dir='ltr'>suo</span> <span class='ocrx_word' id='word_1_274' title='bbox 678 3961 852 4011; x_wconf 88' lang='lat' dir='ltr'>neque</span> <span class='ocrx_word' id='word_1_275' title='bbox 881 3948 1176 3998; x_wconf 87' lang='lat' dir='ltr'>amicorum</span> <span class='ocrx_word' id='word_1_276' title='bbox 1201 3948 1411 4010; x_wconf 89' lang='lat' dir='ltr'>judicio</span> <span class='ocrx_word' id='word_1_277' title='bbox 1443 3949 1815 3999; x_wconf 84' lang='lat' dir='ltr'>revincetur.»</span> <span class='ocrx_word' id='word_1_278' title='bbox 1844 3951 1888 4006; x_wconf 82' lang='lat'>6,</span> <span class='ocrx_word' id='word_1_279' title='bbox 1924 3950 2001 3996; x_wconf 84' lang='lat'>11.</span> 
     </span>
    </p>
   </div>
   <div class='ocr_carea' id='block_1_3' title="bbox 348 4018 2500 4154">
    <p class='ocr_par' dir='ltr' id='par_1_5' title="bbox 348 4018 2500 4154">
     <span class='ocr_line' id='line_1_34' title="bbox 411 4018 2500 4082; baseline -0 -14"><span class='ocrx_word' id='word_1_280' title='bbox 411 4023 458 4068; x_wconf 82' lang='lat'>4.</span> <span class='ocrx_word' id='word_1_281' title='bbox 505 4018 844 4078; x_wconf 85' lang='lat' dir='ltr'>Schneither,</span> <span class='ocrx_word' id='word_1_282' title='bbox 887 4019 1038 4069; x_wconf 87' lang='lat' dir='ltr'>Aem.</span> <span class='ocrx_word' id='word_1_283' title='bbox 1078 4019 1310 4069; x_wconf 84' lang='lat' dir='ltr'>Thomas</span> <span class='ocrx_word' id='word_1_284' title='bbox 1351 4019 1477 4082; x_wconf 84' lang='lat' dir='ltr'>(vid.</span> <span class='ocrx_word' id='word_1_285' title='bbox 1525 4020 1778 4082; x_wconf 89' lang='lat' dir='ltr'>Thomas,</span> <span class='ocrx_word' id='word_1_286' title='bbox 1827 4031 1878 4081; x_wconf 92' lang='lat' dir='ltr'>p.</span> <span class='ocrx_word' id='word_1_287' title='bbox 1927 4020 2005 4080; x_wconf 84' lang='lat'>10,</span> <span class='ocrx_word' id='word_1_288' title='bbox 2047 4020 2101 4067; x_wconf 86' lang='lat' dir='ltr'>et</span> <span class='ocrx_word' id='word_1_289' title='bbox 2146 4020 2332 4067; x_wconf 85' lang='lat' dir='ltr'>contra</span> <span class='ocrx_word' id='word_1_290' title='bbox 2380 4031 2500 4067; x_wconf 90' lang='lat' dir='ltr'>eum</span> 
     </span>
     <span class='ocr_line' id='line_1_35' title="bbox 348 4089 883 4154; baseline -0.006 -13"><span class='ocrx_word' id='word_1_291' title='bbox 348 4091 672 4154; x_wconf 82' lang='lat' dir='ltr'>Schyrgens,</span> <span class='ocrx_word' id='word_1_292' title='bbox 703 4105 755 4153; x_wconf 89' lang='lat' dir='ltr'>p.</span> <span class='ocrx_word' id='word_1_293' title='bbox 786 4089 883 4154; x_wconf 83' lang='lat'>22).</span> 
     </span>
    </p>
   </div>
  </div>
 </body>
</html>
