3100 5042
1068 555 1103 576 ,
1198 487 1518 550 —61—

292 645 447 694 vero
490 623 774 692 novavit
820 623 1157 710 finxitque
1187 623 1231 706 ¹,
1265 620 1337 687 in
1381 640 1517 709 quo
1567 619 1744 688 bene
1787 619 1992 688 etiam
2035 619 2119 688 de
2176 621 2439 691 civibus

293 739 574 808 meritus
604 745 732 823 est,
768 737 955 826 quod
989 757 1107 805 eos
1148 755 1290 803 non
1325 734 1531 803 modo
1571 735 1764 824 copia
1796 755 2050 818 rerum,
2081 734 2204 803 sed
2234 736 2438 805 etiam

293 854 655 924 verborum
709 856 1002 942 augebat
1027 852 1082 937 ’;
1140 849 1471 939 denique,
1527 871 1685 918 cum
1743 849 1942 920 valde
1999 851 2270 920 timeret
2320 872 2434 934 ne,

291 969 494 1036 nimis
524 968 745 1035 multa
772 968 828 1035 si
860 971 1126 1056 pareret
1154 964 1512 1051 vocabula,
1548 971 1784 1033 contra
1813 965 2120 1055 linguam
2149 966 2435 1035 latinam

291 1082 548 1172 aliquid
587 1081 895 1168 auderet,
930 1081 1325 1170 saepissime
1363 1080 1548 1168 quod
1590 1100 1730 1148 uno
1762 1081 2018 1164 Graeci,
2053 1079 2242 1149 idem
2279 1082 2440 1170 plu-

290 1200 477 1268 ribus
533 1197 764 1267 verbis
810 1197 1149 1286 exposuit,
1202 1197 1545 1285 variisque
1595 1196 1868 1265 dicendi
1911 1198 2289 1267 rationibus
2336 1205 2442 1267 est

292 1336 457 1383 usus
504 1333 677 1402 quae
725 1311 1281 1402 incorporalium,
1331 1318 1406 1379 ut
1450 1313 2053 1400 grammaticorum
2105 1313 2439 1382 vocabula

292 1449 730 1517 usurpemus,
764 1427 1124 1496 nominum
1155 1432 1581 1516 praestarent
1611 1415 1861 1511 vicem,
1895 1426 1978 1494 ab
2012 1449 2142 1496 usu
2174 1428 2440 1496 Latino-

290 1565 438 1612 rum
486 1563 703 1632 paene
750 1542 1267 1611 abhorrentium
1287 1545 1331 1610 ³.
1379 1543 1614 1631 Itaque
1661 1543 2004 1630 permulta
2050 1541 2218 1610 dixit
2265 1563 2441 1631 quae

287 1659 422 1729 dici
451 1661 660 1729 latine
690 1679 893 1748 posse
924 1678 1166 1727 omnes
1195 1656 1613 1741 diffiderent,
1647 1664 2054 1746 tantumque
2087 1657 2213 1726 sibi
2245 1658 2440 1726 visus

286 1784 392 1847 est
428 1769 499 1845 in
539 1775 975 1867 philosophia
1009 1773 1403 1863 profecisse,
1440 1782 1515 1843 ut
1551 1794 1591 1841 a
1631 1774 1902 1843 Graecis
1931 1793 2020 1842 ne
2062 1777 2435 1842 verborum

290 1891 565 1982 quidem
600 1890 795 1978 copia
822 1888 1107 1957 Romani
1139 1889 1579 1957 vincerentur
1605 1890 1652 1956 ⁴.

373 2009 513 2075 Nec
560 2011 829 2073 tantum
875 2024 1033 2072 cum
1081 2002 1590 2093 philosophiam
1643 2003 1875 2072 latinis
1917 2004 2157 2072 litteris
2205 2023 2436 2092 perse-

283 2129 635 2213 queretur,
662 2121 733 2188 id
764 2121 985 2188 effecit
1017 2147 1049 2181 «
1074 2126 1147 2187 ut
1177 2119 1495 2188 idoneam
1527 2119 1734 2188 rebus
1764 2120 2107 2188 inusitatis
2131 2119 2438 2207 linguam

290 2239 643 2326 effingeret
675 2263 707 2297 »
750 2239 772 2271 ⁵
786 2258 805 2320 3
841 2236 1136 2324 patrium
1178 2236 1365 2302 enim
1414 2255 1830 2318 sermonem,
1867 2255 2022 2303 cum
2061 2235 2439 2303 rhetoricos

286 2355 500 2422 libros
544 2351 1026 2435 conscriberet,
1078 2372 1220 2418 non
1262 2350 1510 2439 pariter
1568 2349 1870 2438 quidem,
1916 2370 2166 2439 magno
2209 2357 2438 2419 tamen

282 2490 492 2560 opere
530 2467 970 2556 locupletavit
997 2469 1043 2534 ⁶.
1078 2465 1419 2546 Ceterum,
1460 2464 1598 2533 duo
1639 2464 1808 2533 haec
1845 2484 2097 2554 genera
2140 2464 2436 2553 quadam

281 2607 367 2656 ex
420 2592 610 2675 parte
661 2583 908 2650 similia
954 2583 1131 2649 inter
1169 2601 1243 2650 se
1282 2563 1437 2650 esse
1488 2581 1840 2649 neminem
1890 2579 2086 2670 fugit,
2131 2595 2287 2648 cum
2325 2582 2440 2651 vel

284 2699 782 2791 philosophans
803 2698 1033 2767 Cicero
1054 2698 1490 2786 potissimum
1515 2697 1852 2766 rhetorice
1874 2695 2075 2782 dicat,
2102 2698 2441 2786 quaestio·

285 2836 547 2904 nesque
578 2823 926 2903 tamquam
960 2840 991 2874 «
1023 2813 1295 2881 scholas
1331 2839 1363 2874 »
1406 2795 1816 2882 Graecorum
1848 2832 2040 2880 more
2071 2811 2363 2901 explicet
2389 2815 2434 2894 ⁷,

348 3006 394 3052 1.
430 3001 567 3050 vide
597 3001 740 3048 ruse.
766 2997 923 3060 disp„
955 3001 996 3056 1,
1028 3001 1077 3059 7,
1111 3000 1199 3058 143
1228 3000 1273 3057 3,
1309 2999 1355 3053 9,
1386 2998 1472 3056 20;
1509 2999 1553 3058 4,
1587 2999 1634 3055 7,
1668 2999 1753 3054 163
1782 2998 1830 3053 4,
1860 2997 1939 3056 11,
1970 2997 2058 3056 253
2097 2997 2226 3055 4,15‚
2259 2996 2346 3054 343
2380 2963 2443 3046 αξ

285 3073 409 3121 Nat.
440 3070 672 3132 deorum,
710 3072 754 3128 1,
791 3070 868 3129 Π,
905 3070 993 3128 443
1035 3070 1079 3125 1,
1121 3069 1201 3128 39,
1247 3069 1365 3126 1093
1411 3069 1457 3126 2,
1494 3068 1572 3123 11,
1608 3069 1694 3126 29;
1729 3066 1794 3113 de
1829 3065 1967 3124 Βία,
2002 3067 2049 3124 2,
2083 3066 2158 3121 53,
2205 3063 2320 3125 108;
2359 3065 2440 3112 Ti-

282 3157 511 3200 maeum,
542 3143 589 3202 4,
629 3144 715 3201 133
745 3140 794 3200 Ἰ,
824 3143 902 3188 23.
932 3166 994 3175 -
1032 3139 1105 3188 Cf.
1139 3138 1203 3187 de
1230 3138 1368 3199 Fin.,
1398 3137 1445 3196 3,
1478 3140 1524 3197 1,
1557 3139 1664 3196 3-2,
1698 3138 1756 3195 5;
1789 3139 1832 3193 3,
1867 3138 1915 3194 4,
1947 3136 2127 3192 15-16;
2169 3134 2439 3184 Plutarchi

294 3215 464 3264 Vitam
496 3213 622 3273 Cic„
642 3213 721 3273 40,
756 3214 810 3260 et
841 3210 1007 3260 Revue
1029 3210 1120 3259 des
1153 3211 1356 3270 Revues,
1385 3223 1434 3258 a.
1464 3210 1605 3267 1881,
1635 3221 1687 3268 p.
1715 3207 1820 3263 313,
1855 3207 1948 3256 ubi
1977 3207 2298 3267 opusculum
2323 3220 2355 3256 a
2383 3207 2439 3257 C.

287 3287 352 3334 M.
374 3283 655 3334 Francken
684 3282 946 3346 scriptum
979 3280 1248 3330 laudatur.

347 3357 393 3404 2.
425 3355 575 3403 Hanc
600 3352 809 3402 laudem
843 3352 1026 3402 Cicero
1056 3352 1171 3412 ipse
1194 3349 1424 3400 Varroni
1445 3348 1636 3398 tribuit
1656 3347 1710 3396 in
1738 3346 1898 3396 Acad.
1929 3349 2085 3411 post„
2113 3349 2156 3408 1,
2188 3349 2232 3404 Ἴ,
2268 3349 2346 3398 26.

347 3429 394 3476 3.
424 3425 559 3476 Vide
592 3423 837 3486 inprimis
876 3423 938 3471 H.
972 3422 1205 3482 Goelzer,
1238 3412 1413 3470 Etude
1442 3417 1901 3482 lexicoyraphique
1943 3419 1995 3467 et
2038 3420 2445 3483 qrammaticale

282 3512 379 3548 sur
404 3498 457 3547 la
484 3496 701 3545 latinite
720 3494 784 3542 de
808 3494 950 3543 saint
974 3493 1196 3552 Jerome,
1228 3492 1394 3553 Pari8‚
1424 3490 1706 3552 Hachette,
1737 3491 1875 3550 1884,
1916 3503 1967 3551 p.
1996 3490 2160 3538 16-19.

348 3572 392 3618 4.
422 3569 494 3616 De
516 3566 632 3631 fin„
664 3568 710 3627 5,
742 3567 815 3622 32,
848 3567 936 3625 963
966 3565 1029 3613 de
1054 3563 1178 3612 Nat.
1210 3563 1442 3624 deorum,
1481 3564 1525 3623 1,
1559 3565 1606 3621 4,
1632 3563 1676 3609 8.

347 3643 391 3690 5.
422 3639 482 3687 V.
516 3638 709 3693 Clavel,
742 3635 805 3684 de
840 3635 909 3684 M.
949 3634 1188 3684 Cicerone
1228 3632 1544 3682 Graecorum
1581 3633 1926 3695 interprete...
1965 3631 2132 3694 Pari8‚
2165 3632 2441 3693 Hachette,

291 3711 407 3832 1838
423 3709 690 3842 Lgssefflgh.
726 3779 997 3835 Causeret,
1030 3770 1199 3826 Etude
1221 3790 1315 3824 sw-
1352 3774 1406 3824 la
1439 3774 1633 3838 lanque
1661 3773 1726 3824 de
1764 3773 1818 3823 Ia
1855 3773 2159 3838 rhetor-ique
2201 3776 2253 3823 et
2292 3773 2354 3822 de
2391 3772 2444 3822 la

285 3855 508 3919 critique
549 3852 807 3902 litter-aire
850 3850 984 3900 dans
1026 3851 1255 3910 Cic-eron,
1290 3849 1457 3909 PariS,
1490 3849 1770 3909 Hachette‚
1811 3850 1952 3908 1886,
1991 3848 2239 3912 inprimis
2279 3861 2330 3909 p.
2365 3850 2442 3896 13-

287 3924 711 4058 22Ἶῗι1ὶ23ἶνῗ102,
743 3995 789 4054 6,
822 3995 912 4052 173
944 3995 1085 4041 Taso.
1121 3991 1277 4056 disp„
1302 3993 1348 4052 1,
1379 3994 1426 4050 4,
1456 3993 1512 4049 73
1540 3992 1588 4050 1,
1620 3993 1694 4047 47,
1728 3992 1848 4049 1123
1879 3993 1928 4050 2,
1961 3993 2006 4051 3,
2029 3990 2087 4048 9;
2119 3991 2165 4048 3,
2196 3994 2245 4049 6,
2276 3991 2352 4038 13.
2383 4014 2445 4023 -

286 4069 362 4118 Cf.
400 4066 739 4130 Bernhardy,
786 4063 1067 4114 Grundriss
1104 4063 1200 4112 der
1236 4060 1565 4113 Roemischen
1610 4061 1900 4122 Literatur,
1945 4065 2015 4108 5‘0
2072 4059 2441 4122 Bearbeituny,

291 4137 726 4200 Braunschweig,
763 4137 900 4197 1872,
931 4150 985 4199 p.
1020 4135 1097 4184 63.
