3100 5042
1252 542 1537 606 -9-

307 680 627 748 maximis
695 678 1211 767 quaestionibus
1283 678 1556 766 copiose
1606 677 1613 682 “
1627 681 1861 764 posset
1924 680 2297 764 ornateque
2356 675 2464 743 di·

305 815 462 864 cere
509 797 526 830 ¹
581 819 652 881 »3
707 794 826 861 illa
870 813 1144 881 semper
1188 783 1346 881 plus
1398 798 1502 860 est
1555 812 1745 874 usuS,
1800 817 1831 852 «
1887 811 2060 880 quae
2107 795 2463 888 pepererat

301 909 582 980 dicendi
649 909 942 998 copiam,
1001 913 1068 976 et
1121 907 1194 974 in
1251 926 1385 995 qua
1450 905 1847 974 dicebantur
1909 925 2021 990 ea,
2083 925 2257 994 quae
2316 925 2459 974 non

303 1027 605 1096 multum
665 1023 1125 1112 discreparent
1179 1023 1262 1091 ab
1314 1023 1665 1112 opinione
1689 1020 2053 1110 populari²
2106 1046 2187 1106 »3
2238 1021 2457 1107 illam,

107 1156 397 1236 &ne
452 1140 670 1206 multa
707 1136 918 1207 verba
966 1137 1244 1222 faciam,
1291 1137 1655 1226 amplexus
1716 1143 1843 1218 est,
1895 1155 2071 1224 quae
2106 1135 2193 1204 ad
2240 1137 2457 1204 facul-

304 1262 518 1324 tatem
550 1253 819 1323 dicendi
849 1251 1234 1344 augendam
1261 1259 1329 1322 et
1364 1252 1452 1320 ad
1488 1231 2005 1320 informandum
2044 1253 2160 1341 qui
2199 1254 2456 1342 populo

306 1371 606 1460 placeret
637 1371 852 1459 magis
879 1367 1388 1438 accommodata
1415 1368 1797 1438 videbatur.
1824 1369 2042 1447 Quare
2070 1368 2325 1437 factum
2354 1376 2458 1438 est

301 1493 402 1569 ut,
438 1485 748 1575 quamvis
787 1485 1017 1554 Cicero
1047 1484 1406 1574 probitate,
1439 1485 1804 1573 aequitate,
1838 1485 2279 1567 continentia,
2314 1487 2455 1554 vir-

301 1601 562 1670 tutibus
609 1601 784 1686 aliis,
827 1601 1320 1686 interomneS,
1353 1607 1432 1668 ut
1476 1599 1548 1668 in
1596 1605 1737 1668 tam
1795 1607 2111 1690 corrupta
2156 1600 2449 1685 civita-te,

299 1717 682 1798 excelleret,
747 1717 982 1784 minus
1053 1721 1281 1784 tamen
1349 1736 1558 1804 quam
1635 1719 1917 1804 putabat
1981 1717 2453 1806 philosophiae

299 1831 654 1922 praesidiis
703 1837 982 1920 saeptus
1021 1836 1204 1900 esset
1231 1833 1278 1912 ³,
1321 1839 1390 1898 et
1417 1832 1653 1917 minus
1689 1831 1977 1900 fortasse
2016 1852 2219 1920 quam
2260 1853 2452 1922 opor·

300 1948 430 2016 tuit
473 1967 598 2015 sua
641 1947 780 2014 vita
831 1947 1013 2014 hanc
1057 1945 1534 2035 philosophiae
1584 1945 1861 2014 laudem
1908 1948 2381 2036 comprobaret
2428 1969 2449 2014 ε

305 2091 339 2125 «
382 2061 692 2131 Medetur
728 2057 1008 2145 animis,
1045 2063 1284 2130 inanes
1323 2060 1821 2130 sollicitudines
1852 2061 2169 2143 detrahit,
2200 2061 2455 2152 cupidi·

304 2177 552 2246 tatibus
609 2177 874 2262 liberat,
935 2177 1130 2265 pellit
1191 2177 1470 2245 timores
1519 2178 1542 2212 ⁴
1592 2205 1664 2262 »,
1733 2177 2139 2246 has-contra
2203 2178 2451 2267 gratias

299 2292 702 2360 Academiae
748 2293 1186 2361 meritissimo
1235 2294 1448 2380 egerit
1500 2316 1513 2357 ε
1574 2320 1607 2354 «
1657 2294 1899 2361 Fateor
1933 2313 2042 2361 me
2085 2300 2447 2377 oratorem,

299 2411 355 2478 si
382 2409 588 2479 modo
619 2410 774 2494 sim,
807 2419 924 2479 aut
951 2412 1155 2480 etiam
1187 2411 1603 2500 quicumque
1632 2411 1788 2495 sim,
1816 2431 1958 2479 non
1985 2431 2067 2479 ex
2100 2412 2446 2480 rhetorum

298 2526 616 2611 officinis,
657 2526 777 2596 sed
808 2547 891 2596 ex
929 2525 1332 2595 Academiae
1372 2527 1607 2615 spatiis
1646 2527 1987 2594 exstitisse
2016 2530 2037 2563 ὅ
2074 2555 2131 2594 ».

386 2642 550 2709 Cum
611 2648 837 2710 autem
901 2642 1334 2731 eloquentiae
1391 2662 1566 2731 quae
1632 2642 1915 2710 scientia
1966 2643 2142 2732 juris
2191 2649 2449 2713 careret

297 2755 537 2826 deesse
602 2777 955 2825 summum
1012 2757 1252 2843 robur,
1320 2762 1386 2826 et
1453 2758 1951 2826 sententiarum
2026 2759 2306 2840 silvam,
2378 2767 2446 2827 et

295 2875 556 2960 cibum,
598 2883 676 2943 ut
735 2875 826 2942 ita
872 2875 1115 2956 dicam,
1162 2895 1297 2964 quo
1342 2876 1664 2957 aleretur,
1707 2895 1991 2945 necesse
2030 2883 2233 2961 esset,
2270 2876 2450 2964 juris

295 2990 551 3082 peritus
581 2991 725 3059 fieri
756 2990 976 3059 voluit
1002 3009 1081 3058 ac
1110 3010 1183 3058 re
1212 2991 1362 3079 ipsa
1389 2992 1480 3058 ita
1509 2991 1729 3058 factus
1760 2997 1885 3074 est,
1929 2998 2005 3058 ut
2032 2992 2264 3059 senior
2302 3011 2444 3059 non

295 3108 590 3197 amplius
630 3127 822 3176 orare
861 3127 1126 3192 causaS,
1161 3107 1282 3175 sed
1321 3107 1642 3175 omnibus
1682 3106 1767 3176 de
1807 3107 1961 3195 jure
1996 3107 2437 3196 respondere,

294 3243 422 3292 nec
469 3224 615 3312 jam
662 3243 856 3306 voce,
909 3222 1033 3292 sed
1085 3223 1367 3291 consilio
1417 3223 1686 3312 civibus
1722 3223 2036 3312 opitulari
2090 3225 2163 3291 in
2210 3223 2445 3294 animo

294 3337 609 3408 habuerit
637 3340 683 3408 ⁶.
723 3339 878 3406 Noli
928 3338 1112 3406 enim
1152 3338 1693 3408 cavillationibus
1730 3339 1867 3408 illis
1905 3339 2122 3430 decipi
2162 3339 2436 3430 quibuS,

291 3459 368 3522 ut
439 3454 787 3522 Murenam
871 3459 1201 3542 patronus
1285 3453 1718 3539 defenderet,
1796 3456 1970 3544 juris
2040 3455 2437 3548 disciplinae

286 3568 591 3660 jurisque
630 3568 960 3638 consultis
1008 3569 1094 3636 M.
1138 3569 1400 3638 Tullius
1444 3570 1652 3639 irrisit
1704 3591 1719 3638 :
1763 3571 1882 3641 ille
1929 3571 2207 3661 quidem
2258 3577 2439 3642 certe

351 3758 396 3805 1.
437 3755 578 3804 Tusc.
611 3754 834 3818 disput„
861 3756 906 3811 1,
939 3757 982 3808 4.
1012 3753 1060 3802 7.

349 3829 395 3876 2.
425 3825 626 3876 Par-ad.
661 3840 908 3889 prevent„
935 3827 983 3874 2.

347 3899 395 3946 3.
431 3897 617 3960 Epist„
652 3899 728 3958 16,
759 3897 840 3957 23,
869 3897 915 3944 2.

345 3969 395 4017 4.
433 3968 576 4017 Tusc.
607 3967 762 4030 disp„
796 3968 845 4030 2,
870 3968 914 4024 4,
951 3969 1024 4016 11.

347 4042 393 4088 5.
425 4037 594 4096 Orat„
625 4038 668 4095 3,
706 4040 784 4088 12.

347 4112 392 4158 6.
421 4108 495 4160 De
525 4108 645 4172 leq„
676 4111 724 4168 1,
755 4110 804 4168 3,
834 4110 1274 4168 10.-Quantum
1301 4109 1485 4161 Cicero
1515 4109 1573 4159 in
1598 4107 1734 4173 juris
1760 4110 1986 4162 scientia
2010 4111 2238 4162 valuerit
2268 4113 2439 4163 disse·

290 4181 393 4230 ruit
425 4181 657 4242 Gasquy,
681 4178 901 4230 Cicer-on
914 4178 1322 4244 jurisconsulte,
1353 4181 1520 4242 PariS,
1549 4181 1769 4242 Thorin,
1800 4183 1942 4232 1886.
