3100 5042
1281 533 1575 594 .-7-

355 677 629 758 propter
672 670 758 736 M.
803 668 1066 736 Tullius
1104 667 1176 734 in
1216 666 1334 734 illa
1367 694 1400 728 «
1434 665 1716 734 domina
1756 686 1986 734 rerum
2016 668 2035 700 ¹
2074 691 2107 728 n
2140 666 2511 755 plurimum

355 804 598 873 operae
643 791 714 853 et
751 774 953 852 curae
1001 803 1258 872 ponere
1307 803 1450 850 non
1501 781 1860 868 dubitavit,
1909 787 2345 870 oratoresque
2395 782 2511 870 qui

354 907 502 968 tum
564 901 902 990 principes
961 901 1502 966 numerabantur
1568 885 1860 982 audivit,
1934 897 2512 986 nobilissimisque

354 1017 728 1104 magistriS,
788 1015 899 1082 vel
948 1015 1226 1099 Romae,
1274 1014 1411 1096 vel,
1457 1019 1819 1102 postquam
1868 1019 1945 1080 ut
1996 1033 2193 1080 suam
2240 1012 2511 1081 dicendi

357 1128 754 1199 facultatem
784 1130 1220 1198 confirmaret
1237 1148 1323 1196 ex
1344 1129 1525 1197 Urbe
1544 1129 1730 1214 exiit,
1757 1129 1826 1195 in
1860 1129 2131 1196 Graecia
2162 1128 2229 1196 e’t
2258 1129 2322 1195 in
2357 1129 2513 1197 Asia

361 1245 748 1313 studiosum
799 1265 892 1313 se·
922 1243 1220 1312 tradidit.
1273 1245 1445 1311 Cum
1492 1251 1722 1312 autem
1765 1232 2019 1311 multos
2066 1244 2299 1313 audire
2350 1245 2513 1313 satis

363 1386 504 1432 non
537 1365 842 1449 liaberet,
867 1362 1135 1431 cottidie
1164 1362 1458 1451 legebat,
1493 1363 1852 1449 scribebat,
1887 1363 2505 1449 commentabatur3

361 1499 600 1570 graece
655 1478 1119 1564 declamabat,
1165 1499 1298 1566 qua
1345 1479 1415 1545 in
1465 1479 1950 1548 exercitatione
2000 1478 2087 1546 ad
2127 1485 2511 1567 praeturam

361 1615 577 1684 usque
634 1615 773 1662 non
830 1595 1123 1664 cessavit
1181 1597 1247 1678 ²3
1313 1595 1524 1662 latine
1581 1615 1744 1663 vero
1802 1616 1890 1664 ne
1942 1595 2303 1664 doceretur
2356 1615 2513 1662 cum

359 1713 657 1800 primum
689 1709 1046 1778 doctorum
1085 1711 1450 1778 hominum
1479 1710 1876 1778 auctoritate
1906 1710 2276 1799 impeditus
2304 1715 2511 1794 esset,

360 1828 477 1916 qui
547 1827 1013 1895 existimarent
1087 1827 1342 1914 graecis
1426 1825 2031 1893 exercitationibus
2106 1827 2193 1893 ali
2266 1826 2516 1893 melius

359 1943 636 2031 ingenia
690 1963 892 2031 posse
939 1944 987 2026 ³,
1050 1962 1210 2009 mox
1259 1942 1407 2030 ipse
1465 1962 1625 2009 cum
1674 1943 1760 2008 M.
1817 1942 2061 2011 Pisone
2109 1949 2175 2010 et
2230 1963 2386 2010 cum
2435 1943 2510 2019 Q.

363 2059 682 2147 Pompeio
718 2059 809 2125 ita
850 2057 1070 2146 coepit
1113 2057 1548 2127 declamitare
1580 2059 1626 2143 ⁴,
1675 2064 1749 2126 ut
1792 2079 1881 2126 ne
1935 2059 2163 2127 senior
2209 2058 2510 2146 quidem,

361 2172 738 2242 dummodo
770 2175 986 2241 otium
1015 2179 1221 2257 esset,
1247 2171 1603 2240 destiterit.
1638 2175 1853 2251 Quem
1886 2180 2148 2241 tantum
2180 2173 2510 2257 laborem,

359 2289 746 2376 voluptates
795 2307 1036 2356 omnes
1095 2287 1438 2368 obterens,
1497 2287 1724 2355 studia
1786 2287 2253 2356 delectationis
2308 2289 2516 2356 relin-

361 2423 604 2492 quens,
631 2403 1043 2486 assumebat,
1081 2423 1219 2471 non
1259 2403 1477 2491 magis
1507 2409 1585 2470 ut
1616 2424 1803 2472 more
1836 2425 1959 2472 suo
1991 2403 2271 2486 viveret,
2308 2425 2515 2493 quam

363 2525 437 2586 ut
493 2519 759 2587 animos
813 2518 1172 2586 hominum
1238 2539 1420 2586 novo
1478 2524 1584 2617 et.
1632 2525 1707 2586 ut
1761 2519 1853 2586 ita
1918 2519 2164 2603 dicam,
2217 2520 2514 2608 perfecto

361 2655 610 2722 genere
641 2634 911 2703 dicendi
941 2635 1026 2702 ad
1057 2655 1130 2704 se
1158 2641 1614 2721 converteret,
1649 2656 1803 2721 nec,
1827 2641 1903 2703 ut
1932 2637 2336 2704 Hortensius
2367 2637 2508 2719 ille,

362 2735 711 2820 summum
759 2751 1062 2821 studium
1123 2758 1264 2820 tum
1321 2755 1645 2838 maxime,
1682 2773 1843 2820 cum
1892 2751 2261 2841 procedere
2312 2752 2515 2820 laude

363 2874 724 2956 oporteret,
771 2867 1206 2953 remittend0‚
1241 2869 1345 2936 sui
1386 2867 1783 2936 dissimilior
1818 2867 2095 2937 cottidie
2135 2869 2279 2937 fieri
2320 2868 2515 2936 vide-

365 2990 552 3051 retur
579 2985 622 3049 ⁵.

379 3131 385 3136 ’
453 3097 735 3185 Sapiens
804 3097 874 3166 id
949 3096 1268 3187 quidem;
1341 3098 1472 3166 hoc
1543 3107 1773 3168 tamen
1846 3099 2254 3187 sapientiUS,
2329 3097 2511 3186 quod

363 3214 641 3301 ingenio
681 3212 947 3281 diffisus
977 3235 1102 3282 suo
1128 3235 1269 3281 non
1299 3215 1860 3282 exercitationum
1891 3213 2124 3298 modo,
2160 3214 2279 3283 sed
2310 3217 2513 3283 etiam

363 3329 708 3400 doctrinae
764 3329 1234 3399 reconditioris
1301 3329 1699 3420 adjumenta
1752 3331 2119 3419 quaesivit,
2184 3333 2513 3420 eloquenss

367 3431 663 3534 tiamque
736 3445 992 3534 majore
1057 3451 1123 3514 et
1188 3445 1498 3513 uberiore
1574 3440 1716 3514 arte
1783 3447 2269 3517 corroboravit.
2332 3449 2510 3514 Num

362 3561 548 3631 enim
579 3561 725 3628 sine
757 3560 1064 3628 doctrina
1093 3566 1320 3628 orator
1349 3581 1603 3631 nomen
1635 3563 1947 3631 obtinere
1978 3583 2175 3630 suum
2212 3569 2433 3652 potest
2453 3564 2515 3628 ⁶?

431 3823 474 3870 1.
505 3821 579 3870 De
603 3823 717 3870 nat.
747 3821 910 3881 deor„
937 3822 983 3878 2,
1022 3822 1101 3882 59,
1135 3822 1239 3870 148.

422 3893 470 3939 2.
500 3892 634 3942 Vide
660 3891 999 3948 Suetonium,
1027 3891 1102 3941 De
1129 3891 1289 3954 rhet„
1323 3896 1367 3944 1.

425 3963 470 4010 3.
503 3962 657 4023 Ibid„
693 3965 721 4012 2
750 3963 873 4025 (Cic.
905 3962 973 4012 ad
1004 3963 1074 4013 M.
1100 3963 1356 4014 Titinium
1389 3963 1587 4028 epism.

429 4034 474 4082 4.
508 4034 673 4094 Brut„
705 4036 784 4094 90,
815 4035 924 4082 310.

429 4105 477 4153 5.
513 4105 692 4164 Brut„
730 4105 808 4167 93,
839 4105 948 4152 320.

430 4177 476 4224 6.
507 4175 582 4224 De
608 4178 767 4238 orat„
795 4176 844 4238 2,
875 4177 923 4237 9,
954 4177 1031 4225 38.
