3100 5042
1439 567 1518 578 ·—
1563 529 1642 592 70
1680 568 1774 591 --.-

527 668 742 737 multa
788 669 860 736 in
913 666 1223 757 epistulis
1278 665 1364 734 de
1412 685 1730 756 sermone
1785 665 2166 757 disputarit,
2222 669 2675 761 libellumque

525 784 872 872 scripserit
902 782 1018 871 qui
1051 801 1193 864 non
1227 787 1563 871 superest,
1600 781 1718 870 qui
1748 782 1860 850 vel
1889 783 1969 852 de
2002 786 2540 874 Orthoyraplzz'a
2572 789 2681 857 vel

526 899 607 968 dc
642 901 807 967 Arte
842 898 1319 984 yrammatz‘ca,
1350 894 1850 995 inscribebatur
1874 899 1918 966 ¹.
2585 879 2591 886 ⁸

616 1014 888 1103 Majoris
926 1033 1091 1082 vero
1130 1012 1382 1081 laboris
1421 1019 1663 1099 artem,
1697 1033 1904 1102 quam
1941 1013 2127 1104 apud
2156 1017 2446 1086 Graecos
2477 1017 2676 1087 multi

525 1135 826 1204 fecerant
886 1128 1408 1220 amplissimam,
1460 1128 1716 1196 Romae
1773 1129 1968 1218 pauci
2026 1131 2119 1198 ita
2194 1113 2551 1201 coluerant
2607 1140 2680 1204 ut

527 1250 755 1338 aliqua
824 1246 1012 1336 digni
1070 1241 1275 1312 laude
1338 1241 1760 1323 viderentur,
1811 1264 2177 1333 aggressus
2233 1252 2373 1332 est3
2429 1253 2498 1315 et
2546 1249 2679 1316 nisi

530 1366 961 1433 immaturam
1003 1365 1299 1428 mortem
1346 1357 1626 1440 obisset,
1665 1359 1844 1427 inter
1895 1361 2190 1449 optimos
2240 1362 2677 1432 historiarum

528 1479 890 1567 scriptores
926 1475 1123 1542 illum
1163 1474 1471 1542 futurum
1504 1472 1716 1542 fuisse
1755 1474 2110 1544 Cornelius
2138 1475 2421 1565 quidem
2451 1481 2676 1567 Nepos

528 1594 637 1668 his
684 1592 913 1663 verbis
970 1589 1287 1660 censuit:
1346 1616 1378 1652 «
1411 1589 1564 1657 Non
1621 1590 1933 1679 ignorare
1991 1589 2226 1677 debeS,
2283 1613 2500 1661 unum
2547 1593 2682 1665 hoc

528 1729 751 1804 genus
770 1710 1138 1778 latinarum
1160 1707 1543 1776 litterarum
1563 1704 1788 1774 adhuc
1815 1726 1955 1774 non
1986 1707 2196 1778 modo
2228 1729 2368 1777 non
2399 1729 2677 1799 respon·

532 1825 692 1896 dere
730 1824 1071 1908 Graeciae,
1108 1821 1227 1892 sed
1260 1822 1545 1891 omnino
1580 1821 1750 1890 rude
1787 1827 1992 1911 atque
2027 1824 2422 1893 inchoatum
2457 1831 2678 1894 morte

531 1942 875 2012 Ciceronis
918 1939 1261 2007 relictum.
1299 1938 1422 2006 Ille
1469 1938 1656 2005 enim
1700 1939 1828 2005 fuit
1871 1959 2052 2006 unus
2097 1938 2216 2028 qui
2260 1941 2579 2030 potuerit,
2615 1951 2682 2012 et

530 2058 735 2126 etiam
757 2053 1099 2137 debuerit,
1120 2053 1475 2120 historiam
1500 2051 1708 2140 digna
1735 2071 1904 2122 voce
1928 2055 2399 2141 pronuntiare,
2424 2057 2678 2146 quippe

532 2169 1038 2262 quijoratoriam
1071 2168 1538 2256 eloquentiam
1580 2167 1819 2236 rudem
1850 2189 1889 2236 a
1919 2169 2298 2258 majoribus
2335 2179 2680 2261 acceptam

536 2287 994 2379 perpoliverit,
1033 2283 1541 2373 philosophiam
1571 2291 1730 2352 ante
1759 2303 1919 2352 eum
1947 2283 2366 2376 incomptam
2395 2288 2681 2357 latinam·

534 2425 656 2474 sua
694 2400 1199 2482 confirmaverit
1238 2400 1545 2468 oratione
1579 2425 1594 2468 ε
1641 2420 1723 2467 ex
1755 2420 1890 2489 quo
1921 2399 2184 2487 dubito,
2220 2402 2499 2474 interitu
2527 2405 2677 2493 ejus

534 2527 760 2589 utrum
791 2539 899 2588 res
929 2516 1225 2607 publica,
1261 2536 1349 2584 an
1379 2515 1668 2584 historia
1694 2517 1910 2602 magis
1940 2516 2168 2586 doleat
2189 2520 2234 2586 ².
2272 2546 2306 2580 »
2335 2519 2486 2588 Non
2520 2539 2683 2588 nos·

532 2644 713 2707 trum
735 2631 1034 2721 estssquid
1064 2632 1136 2698 in
1167 2632 1300 2700 hoc
1320 2632 1615 2700 Cornelii
1637 2631 1914 2721 Nepotis
1938 2631 2196 2721 judicio
2228 2654 2496 2719 verum,
2520 2634 2684 2723 quid

533 2750 787 2820 falsum
845 2748 933 2816 sit
980 2745 1359 2834 disceptare
1387 2748 1431 2829 ³,
1478 2765 1628 2829 nec,
1672 2746 1976 2815 collectis
2023 2748 2348 2817 omnibus
2387 2769 2558 2838 quas
2600 2748 2686 2818 de

536 2865 817 2935 historia
860 2861 1087 2930 Cicero
1135 2861 1289 2929 tulit
1336 2861 1717 2946 sententiiS,
1767 2863 2235 2950 quaerendum
2289 2863 2490 2932 nohis
2537 2884 2690 2934 esse

534 2978 807 3050 videtur
844 2983 1116 3051 rectene
1161 2995 1248 3043 an
1292 2993 1523 3074 prave,
1560 2973 1725 3063 quid
1770 2976 2060 3059 veritati,
2105 2975 2271 3064 quid
2314 2977 2439 3044 arti
2478 2978 2688 3052 histo-

537 3097 786 3187 riarum
821 3094 1105 3183 scriptor
1145 3090 1414 3176 debeat,
1447 3091 1568 3161 ille
1613 3091 1903 3161 senserit
1929 3093 1974 3159 ⁴.
2009 3091 2157 3160 Hoc
2195 3111 2414 3160 unum
2443 3091 2687 3162 videri-

604 3408 649 3455 1.
677 3406 811 3456 Vide
850 3405 1075 3466 Quintil.
1106 3404 1170 3453 de
1196 3403 1325 3452 1ηεί.
1356 3406 1518 3465 orat„
1550 3405 1599 3459 1,
1628 3405 1672 3462 7,
1704 3403 1762 3451 34
1802 3405 1857 3452 et
1887 3405 1963 3462 10,
1997 3407 2041 3461 Ἳ,
2080 3404 2168 3464 283
2201 3402 2322 3452 Auli
2353 3404 2507 3453 Gellii
2539 3404 2686 3455 Noct.

540 3477 716 3535 Attio„
755 3479 833 3537 10,
860 3482 904 3537 1,
936 3480 991 3536 73
1018 3474 1234 3535 Jullien,
1256 3473 1329 3523 les
1359 3474 1505 3536 Prot.
1532 3473 1600 3522 de
1623 3471 1748 3531 litt„
1770 3488 1822 3536 p.
1849 3475 1958 3523 224.
1988 3473 2264 3524 Ciceronis
2283 3474 2350 3523 de
2381 3478 2496 3524 arte
2518 3489 2695 3536 gram-

542 3549 736 3599 matica
769 3547 1007 3598 libellum
1045 3545 1224 3596 indice
1258 3544 1457 3594 veteris
1488 3544 1867 3606 bibliothecae,
1896 3559 1946 3595 a.
1982 3547 2104 3595 1464
2132 3545 2459 3610 conscripto,
2487 3547 2690 3609 signifi·

541 3619 648 3670 cari
684 3619 869 3668 docuit
898 3619 957 3668 E.
991 3617 1224 3666 Zarncke
1265 3615 1317 3665 in
1365 3615 1899 3665 Commentationibus
1931 3616 1986 3665 in
2024 3615 2266 3666 honorem
2299 3616 2544 3667 Guilelmi
2570 3619 2688 3668 Stu-

539 3688 785 3744 demund,
815 3704 867 3753 p.
900 3689 985 3738 181
1018 3700 1135 3750 sqq.
1162 3686 1311 3751 (Vide
1342 3686 1596 3736 Salomon
1627 3687 1866 3736 Reinach
1899 3687 1952 3736 in
1990 3687 2157 3737 Revue
2193 3688 2434 3752 critique,
2465 3703 2515 3738 a.
2546 3691 2688 3750 1889,

540 3763 645 3812 vol.
673 3761 737 3820 ΙΙ,
768 3775 820 3824 p.
849 3760 978 3823 164).

602 3836 649 3881 2.
679 3831 949 3882 Cornelius
971 3832 1152 3894 Nepos,
1175 3832 1315 3878 texte
1344 3828 1477 3877 latin
1500 3827 1736 3893 public...
1766 3843 1868 3892 par
1891 3828 1960 3877 M.
1980 3829 2160 3880 Alsred
2193 3829 2492 3894 Monginot,
2521 3831 2690 3892 Paria,

544 3903 814 3960 Hachette,
849 3905 982 3959 1868,
1012 3917 1065 3967 p.
1099 3901 1321 3952 360-361.
2695 3925 2698 3928 ·

605 3977 651 4025 3.
679 3974 830 4033 Vide,
862 3972 1091 4034 exempli
1126 3985 1306 4032 causa,
1350 3970 1482 4034 quid
1512 3971 1786 4032 Mongault
1829 3975 1882 4020 et
1926 3972 1973 4020 J.
2014 3971 2073 4020 V.
2117 3971 2331 4021 Leclerc
2379 3970 2693 4034 scripserint

542 4045 668 4108 (vol.
694 4044 872 4106 XXIV,
898 4058 950 4108 p.
982 4044 1233 4108 495·496).
1259 4069 1320 4080 -·
1348 4043 1425 4092 Cr.
1460 4041 1681 4104 Teuffel,
1712 4046 1737 4102 ς
1767 4046 1856 4093 186
1884 4043 1971 4093 ed.
1998 4044 2041 4093 V
2071 4043 2180 4107 (188
2216 4043 2301 4093 ed.
2335 4043 2444 4105 ΠΙ).

601 4119 649 4166 4.
681 4115 835 4177 Quod
865 4117 1040 4166 facere
1070 4114 1296 4165 tentavit
1331 4115 1512 4176 Berua,
1548 4113 1907 4178 Abhandlunq
1933 4112 2057 4162 tiber·
2097 4114 2300 4164 Ciceros
2336 4114 2552 4164 Ans-ioht
2593 4127 2692 4164 von

540 4187 636 4239 der
663 4185 978 4248 Geschichte,
997 4186 1314 4244 Attendorn,
1353 4189 1489 4236 1880.
