3100 5042
1176 1379 1486 1454 CAPUT
1539 1380 1606 1454 ΙΙ

310 1705 433 1757 QUA
484 1703 730 1750 RATIONE
781 1703 984 1751 CICERO
1035 1702 1324 1748 ERUDITUM
1391 1675 1458 1748 s&
1509 1703 1655 1748 ESSE
1706 1703 1857 1749 NUNC
1906 1703 2253 1761 CELAVERIT,
2314 1707 2466 1753 NUNC

392 1810 835 1867 OSTENTAVERIT,
869 1811 940 1857 UT
972 1812 1030 1856 IN
1068 1810 1142 1855 RE
1171 1809 1413 1856 PUBLICA
1442 1810 1696 1856 commin
1726 1810 1954 1863 Auonln
1983 1809 2463 1870 ASSEQUERETUR;

397 1917 620 1970 QUANTO
663 1917 850 1963 opssnss
900 1917 1143 1963 PATMAE
1183 1917 1376 1963 AMANS
1418 1917 1657 1962 LATINAS
1700 1917 1968 1963 LITTERAS
2011 1917 2462 1965 CELEBRAVERIT.

308 2189 352 2238 1.
379 2188 529 2248 Quod
573 2189 627 2238 in
659 2189 853 2239 litteris
886 2190 1112 2238 multum
1138 2187 1296 2248 valet,
1320 2187 1522 2237 idcirco
1558 2187 1745 2238 Cicero
1780 2203 1811 2238 a
1856 2187 2191 2250 principibus
2234 2185 2467 2238 civitatis

380 2263 600 2324 saepius
639 2261 978 2312 observatur.
1012 2289 1075 2298 —
1103 2262 1169 2311 ΙΙ.
1197 2260 1342 2310 Plebi
1380 2264 1439 2309 ut
1478 2261 1704 2321 placeat,
1730 2273 1867 2322 quae
1905 2262 1971 2310 ab
2005 2260 2224 2322 optimis
2262 2261 2470 2312 artibus

376 2334 652 2394 abhorret,
686 2333 872 2382 rudem
918 2346 975 2383 se
1011 2345 1130 2383 esse
1169 2332 1354 2382 Cicero
1396 2332 1451 2380 in
1492 2332 1711 2394 publico
1753 2344 1921 2394 usque
1960 2331 2094 2380 adeo
2139 2331 2297 2391 fingit
2335 2332 2465 2381 dum

378 2417 627 2466 magnam
660 2406 850 2453 nactus
879 2404 949 2454 sit
968 2403 1365 2453 auctoritatem.
1394 2431 1457 2438 —
1486 2403 1573 2451 111.
1605 2403 1680 2451 De
1710 2404 1953 2452 oratione
1983 2415 2123 2464 quae
2148 2416 2247 2464 pro
2270 2401 2467 2452 Archia

377 2475 713 2525 inscribitur.
743 2475 926 2526 Cicero
958 2473 1276 2536 consularis,
1303 2474 1432 2524 dum
1464 2487 1576 2524 non
1602 2473 1835 2537 amplius
1864 2473 2002 2524 celat
2038 2488 2096 2524 se
2139 2473 2334 2522 litteris
2372 2473 2467 2524 im-

375 2546 565 2595 butum
583 2559 716 2606 esse,
739 2545 1082 2596 excusatione
1104 2549 1283 2596 tamen
1306 2547 1479 2594 utitur
1497 2544 1643 2607 quod
1660 2545 1781 2607 plus
1798 2558 1962 2607 quam
1984 2544 2218 2606 maiores
2248 2545 2466 2607 optimis

371 2617 582 2667 artibus
623 2630 682 2667 se
715 2616 941 2667 dederit.
975 2643 1037 2652 --
1066 2617 1132 2667 IV
1171 2616 1377 2666 Patriae
1419 2616 1823 2666 amantissimus
1872 2616 2055 2665 Cicero
2095 2617 2257 2666 etiam
2295 2617 2467 2667 malos

373 2689 740 2738 Romanorum
771 2692 958 2751 poetas
1000 2688 1180 2750 potius
1218 2702 1381 2750 quam
1421 2689 1593 2737 bonos
1632 2687 1958 2738 Graecorum
1998 2687 2260 2752 legendos
2289 2691 2463 2750 putat,

372 2773 758 2822 romanamque
781 2761 1112 2824 tragoediam
1134 2759 1395 2818 venditat,
1416 2760 1765 2821 carminaque
1784 2763 1837 2809 et
1854 2760 1991 2810 sales
2018 2758 2217 2809 civium
2240 2772 2463 2809 suorum

371 2837 424 2881 et
452 2831 694 2894 linguam
726 2832 951 2893 patriam
982 2830 1233 2881 laudibus
1263 2830 1433 2881 effert.

1375 3102 1402 3167 I

395 3299 718 3366 Summus
771 3297 844 3362 in
905 3317 979 3365 re
1031 3295 1301 3385 publica
1347 3301 1597 3383 orator,
1658 3302 1726 3365 et
1780 3297 2234 3385 peritissimus
2298 3319 2462 3370 cau-

309 3434 540 3480 sarum
578 3417 787 3493 actor,
821 3417 891 3480 et
925 3412 996 3478 in
1039 3411 1229 3479 omni
1265 3411 1406 3479 fere
1452 3432 1706 3501 genere
1744 3411 2017 3481 dicendi
2067 3413 2464 3504 locupletis-

308 3529 523 3597 simus
553 3534 787 3596 auctor
824 3527 1053 3596 Cicero
1085 3528 1457 3596 exstiterat.
1503 3526 1985 3611 Quamobrem,
2020 3550 2175 3598 cum
2214 3552 2464 3621 magna

305 3649 490 3713 esset
519 3644 747 3732 opinio
779 3643 1154 3732 plurimum
1186 3663 1342 3711 eum
1383 3641 1567 3732 apud
1598 3648 1913 3712 senatum
1945 3665 2148 3734 posse
2188 3645 2461 3716 dicendi

304 3760 655 3847 gravitate,
716 3758 901 3847 apud
957 3759 1291 3848 populum
1357 3760 1789 3849 eloquentiae
1842 3761 1911 3828 vi
1977 3766 2181 3850 atque
2238 3765 2456 3851 copia,

304 3873 484 3963 apud
530 3874 798 3963 judices
843 3875 1091 3964 agendi
1152 3882 1327 3959 arte,
1383 3875 1568 3966 apud
1618 3876 2066 3946 lectissimum
2116 3899 2459 3968 quemque

304 3993 750 4080 scriptionum
786 3993 1131 4061 variarum
1172 3994 1524 4076 suavitate,
1572 4014 1701 4062 nec
1742 4015 1883 4062 non
1924 3994 2105 4083 apud
2148 4002 2459 4082 posteros

304 4108 521 4197 gloria
558 4116 626 4178 et
671 4109 876 4178 laude
924 4110 1301 4198 plurimum
1346 4111 1743 4197 valiturum,
1786 4111 2125 4201 principes
2169 4112 2460 4184 civitatis
