3100 5042
1180 548 1499 612 ...59-

1290 799 1383 866 III

358 967 696 1051 Ceterum,
751 965 964 1036 libros
1019 964 1105 1037 de
1160 967 1596 1056 philosophia
1641 973 1760 1036 aut
1800 967 1885 1036 de
1933 973 2074 1036 arte
2130 969 2418 1036 oratoria

276 1083 722 1172 conscriptOS,
770 1103 906 1171 quo
955 1083 1175 1172 magis
1220 1082 1610 1172 legentibus
1656 1083 1913 1171 accepti
1961 1089 2217 1167 essent,
2260 1102 2413 1151 ver-

276 1199 461 1267 sibus
489 1198 853 1286 permultis
874 1197 1187 1265 distinxit
1214 1203 1283 1265 et
1314 1203 1664 1286 tamquam
1694 1198 2074 1267 luminibus
2104 1199 2410 1268 ornavit:

276 1313 461 1402 quod
490 1314 877 1382 institutum
907 1317 1096 1381 tanto
1128 1311 1355 1381 studio
1391 1314 1713 1399 servavit,
1748 1319 1822 1381 ut
1851 1315 1921 1381 in
1943 1335 2124 1383 novo
2146 1332 2419 1402 quoque

273 1429 695 1498 senescentis
734 1428 1079 1497 Ciceronis
1115 1427 1294 1496 libro
1333 1412 1556 1518 major
1602 1448 1809 1517 quam
1857 1434 2058 1496 antea
2093 1448 2418 1497 versuum

270 1564 604 1614 numerus
652 1544 1075 1612 inveniretur
1103 1545 1147 1627 ¹,
1191 1543 1527 1633 multique
1587 1545 1698 1612 vel
1738 1543 1926 1626 alias,
1971 1545 2083 1612 vel
2122 1545 2421 1612 maxime

272 1661 341 1728 in
378 1662 796 1729 Tusculanis
826 1661 1426 1746 disputationibus
1453 1678 1694 1727 versus
1724 1659 2146 1738 afferrentur,
2173 1658 2420 1746 quibus

274 1775 354 1844 ad
422 1775 849 1864 propositum
916 1773 1421 1842 enucleandum
1477 1774 1764 1842 minime
1830 1794 2004 1860 opus
2060 1781 2263 1857 esset,
2335 1772 2420 1840 ad

274 1889 651 1958 ornandam
682 1889 1062 1958 orationem
1093 1888 1569 1957 tantummodo
1621 1890 1905 1978 scriptor
1944 1894 2270 1956 uteretur.
2306 1888 2414 1970 At,

275 2025 689 2094 quamquam
742 2005 936 2072 illum
981 2024 1246 2085 morem
1294 2026 1333 2073 a
1379 2004 1808 2094 philosophis
1841 2005 2110 2073 Graecis
2147 2009 2416 2071 mutua-

278 2120 475 2189 batur
503 2123 547 2204 ²,
592 2122 707 2208 qui
771 2127 909 2188 tam
970 2141 1173 2209 saepe
1230 2120 1299 2187 in
1369 2121 1678 2209 epistulis
1737 2142 1974 2210 graece
2040 2121 2284 2210 scripta
2338 2139 2420 2188 ex

274 2235 606 2304 memoria
642 2234 891 2317 attulit,
932 2234 1116 2304 idem
1158 2235 1230 2301 in
1277 2235 1468 2302 libris
1517 2257 1896 2324 numquam
1940 2236 2246 2304 versibus
2287 2234 2419 2301 nisi

277 2351 511 2439 lingua
568 2350 936 2419 vernacula
1007 2351 1279 2439 scriptis
1338 2372 1507 2420 usus
1575 2356 1678 2419 est
1735 2353 1794 2418 ³.
1855 2351 2064 2419 Multa
2127 2353 2331 2440 igitur
2385 2369 2424 2416 a

274 2466 494 2554 poetis
544 2466 815 2534 Graecis
861 2466 955 2533 ita
1003 2471 1314 2535 accurate
1374 2465 1820 2534 transferebat
1865 2472 1940 2535 ut
1982 2466 2156 2533 nihil
2194 2473 2423 2555 posset

272 2601 507 2669 supra,
550 2581 778 2669 itaque
822 2580 1111 2650 feliciter
1148 2589 1243 2662 ut,
1281 2582 1592 2650 Herculis
1627 2587 1696 2650 et
1725 2581 2111 2649 Promethei
2142 2587 2421 2668 questus

274 2696 688 2783 exprimenS,
733 2702 1046 2764 auctores
1095 2695 1499 2784 Sophoclem
1540 2701 1609 2764 et
1652 2696 2068 2784 Aeschylum
2114 2695 2422 2785 proxime

276 2816 707 2898 sequeretur,
764 2816 881 2879 aut
936 2811 1018 2879 iis
1064 2811 1501 2879 antecelleret
1526 2811 1571 2878 ⁴.
1628 2812 1871 2900 Atque,
1925 2832 2108 2897 cum,
2151 2831 2240 2880 ne
2286 2831 2422 2900 quo

274 2932 679 2994 ornamento
747 2927 819 2993 in
886 2927 1022 2995 hoc
1084 2946 1334 3015 genere
1392 2927 1880 3016 disputationis
1941 2928 2150 2994 latina
2211 2927 2424 2994 oratio

274 3047 553 3127 careret,
594 3043 987 3125 eniteretur,
1012 3043 1480 3111 testimonium
1516 3043 1724 3110 simul
1753 3042 2010 3130 ingenii
2041 3041 2146 3108 sui
2182 3040 2416 3125 dabat3

272 3157 654 3246 eodemque
699 3158 985 3226 consilio
1037 3158 1371 3225 nonnulla
1418 3177 1455 3225 e
1499 3157 1793 3246 propriis
1833 3161 2148 3244 excerpta
2177 3155 2422 3222 carmi-

274 3273 477 3340 nibus
522 3271 859 3341 referebat
885 3275 930 3340 ⁵.
980 3274 1239 3341 Patriae
1284 3292 1451 3342 vero
1492 3278 1567 3340 ut
1605 3277 1749 3340 erat
1784 3290 2045 3354 amans,
2090 3269 2419 3359 quemad-

334 3480 378 3525 1.
406 3474 597 3537 Kubik,
625 3476 689 3525 de
722 3475 793 3525 M.
826 3475 929 3527 Cic.
957 3479 1095 3540 poet.
1128 3477 1224 3526 lat.
1254 3479 1341 3538 st„
1372 3490 1423 3538 p.
1456 3479 1567 3526 242.

332 3549 380 3596 2.
417 3545 563 3595 Tusc.
594 3545 751 3610 disp„
775 3548 819 3605 2,
854 3549 930 3609 11,
962 3550 1040 3597 26.
1066 3574 1128 3583 -
1154 3548 1230 3599 ct.
1265 3546 1611 3608 Thiaucourt‚
1643 3560 1693 3608 p.
1724 3547 1830 3596 120.

334 3619 383 3666 3.
410 3618 677 3676 Quantam
696 3618 751 3666 in
775 3617 1150 3669 difficultatem
1169 3631 1254 3668 res
1281 3618 1598 3678 incurreret,
1616 3618 1796 3668 Cicero
1823 3618 1936 3680 ipse
1957 3619 2131 3682 aperit
2167 3634 2179 3666 ε
2208 3639 2228 3660 α
2251 3619 2427 3684 Vulgo

277 3688 495 3748 dicitur,
540 3687 815 3751 inquit...;
854 3702 952 3738 nec
995 3689 1135 3738 male
1182 3688 1469 3750 Euripides
1506 3688 1863 3752 (concludam,
1906 3688 1952 3737 si
1995 3693 2202 3752 potero,
2237 3690 2426 3751 latin03

280 3771 527 3820 graecum
551 3759 693 3808 enim
724 3759 869 3809 hunc
896 3772 1109 3809 versum
1136 3759 1311 3809 nostis
1342 3760 1549 3822 omnes)
1574 3775 1586 3810 :

402 3828 590 3878 Suavis
618 3829 860 3880 laborum
895 3834 977 3880 est
1008 3829 1421 3892 praeteritorum
1454 3831 1716 3880 memoria
1738 3849 1784 3891 »,
1815 3831 1880 3879 de
1910 3830 2046 3892 Fin„
2077 3834 2126 3892 2,
2153 3832 2230 3891 32,
2260 3831 2366 3880 105.

336 3902 385 3948 4.
420 3901 561 3950 Tusc.
595 3899 751 3964 disp„
790 3903 835 3963 2,
872 3903 1005 3951 8-10.
1042 3930 1106 3938 -
1134 3901 1499 3963 Ct'.'Boissier‚
1538 3902 1733 3959 Attius,
1765 3916 1817 3964 p.
1853 3903 2010 3961 33-34,
2037 3905 2090 3952 et
2119 3901 2336 3964 Faguet,
2367 3901 2431 3950 de

278 3971 423 4019 Poet.
452 3971 521 4020 M.
555 3971 606 4020 Τ.
634 3969 736 4020 Cic.
772 3973 896 4033 fac„
930 3987 981 4034 p.
1014 3972 1090 4022 83.

341 4042 385 4090 5.
413 4041 616 4092 Versus
646 4055 675 4091 e
692 4041 861 4092 Mario
883 4043 1121 4107 excerpti
1148 4044 1459 4094 referuntur
1489 4045 1543 4094 in
1573 4042 1638 4093 de
1655 4044 1793 4100 Div„
1815 4046 1860 4104 1,
1885 4045 1964 4105 47,
1992 4045 2099 4092 106.
2123 4043 2181 4091 In
2203 4043 2266 4092 de
2289 4041 2426 4103 Div.,

287 4113 333 4171 1,
364 4113 530 4173 11-13,
564 4112 819 4176 leguntur
850 4127 1036 4164 versus
1076 4137 1096 4156 ι
1122 4127 1259 4178 quos
1289 4115 1345 4163 in
1375 4115 1614 4165 secundo
1645 4114 1712 4165 de
1739 4115 2023 4164 consulatu
2051 4114 2250 4163 Urania
2278 4112 2430 4163 Musa

276 4182 662 4244 pronuntiabat.
687 4200 732 4232 n.
