3100 5042
1243 551 1318 558 -
1360 514 1438 576 93
1480 550 1562 560 -

409 649 747 729 Ceterum,
790 653 1155 733 postquam
1186 646 1565 715 honoribus
1591 667 1869 736 operam
1901 647 2114 734 dedit,
2151 672 2290 719 non
2322 653 2474 737 sibi,
2557 641 2560 645 ’

318 762 438 831 sed
466 763 551 830 iis
576 781 838 830 morem
870 762 1081 849 gessit
1112 782 1150 828 a
1178 763 1430 850 quibus
1468 769 1706 850 posset
1747 763 2190 852 amplissimis
2232 787 2480 837 mune·—

317 878 507 946 ribus
526 877 851 945 decorari.
888 875 1115 944 Plebis
1141 877 1346 966 igitur
1366 885 1433 945 et
1454 879 1860 967 optimatum
1885 879 2092 946 simul
2118 889 2189 948 ut
2203 882 2477 970 judiciis

316 992 840 1082 obtemperaret,
883 992 997 1059 hic
1044 991 1284 1060 rudem
1325 1001 1393 1061 et
1437 993 1791 1062 indoctum
1833 1013 1984 1062 esse
2025 1015 2098 1063 se
2147 997 2470 1084 fingebat,

316 1109 456 1175 illic
486 1109 841 1196 signorum
870 1107 1391 1196 tabularumque
1422 1109 1752 1198 pictarum
1793 1110 2140 1178 curiosum
2172 1132 2244 1180 se
2275 1134 2474 1201 gere-

316 1223 453 1304 bat,
508 1223 1049 1311 scriptionesque
1099 1243 1259 1290 suas
1300 1223 1412 1290 hic
1448 1224 1841 1308 excusabat,
1892 1225 2030 1293 illic
2078 1228 2178 1294 eis
2225 1229 2475 1316 gloria-

316 1337 541 1420 batur,
596 1338 761 1425 quin
811 1337 1022 1405 immo
1073 1339 1165 1405 ita
1216 1359 1450 1405 secum
1498 1340 1645 1426 ipse
1693 1339 1965 1407 videtur
2017 1363 2344 1430 pugnare,
2401 1353 2476 1412 ut

318 1473 552 1521 secum
597 1454 743 1541 ipse
782 1473 1085 1542 pugnare
1126 1453 1445 1522 facillime
1492 1454 1804 1522 videatur
1853 1455 1967 1542 qui
2012 1454 2098 1524 de
2153 1458 2475 1538 Cicerone

318 1567 515 1655 plura
560 1573 812 1636 narret.
862 1571 1029 1636 Cum
1074 1574 1306 1635 autem
1354 1588 1497 1635 rem
1541 1568 1882 1657 publicam
1924 1575 2216 1654 tantum,
2253 1594 2475 1660 quan-

321 1689 466 1749 tum
505 1681 711 1750 ferret
754 1681 1074 1761 facultas,
1110 1687 1528 1770 procuraret,
1563 1683 1634 1749 in
1663 1676 1972 1749 animum
2011 1684 2144 1752 hoc
2173 1686 2469 1772 induxit,
2509 1737 2512 1740 -

316 1805 460 1866 tum
502 1795 781 1864 demunt
824 1796 1084 1864 litteras
1123 1817 1274 1864 esse
1317 1795 1662 1879 colendas,
1700 1819 1856 1865 cum
1898 1799 2076 1866 nihil
2116 1801 2329 1885 aliud,
2365 1804 2473 1870 vel

318 1913 490 1997 foro,
531 1913 641 1980 vel
675 1911 911 1979 Curiae
950 1911 1567 1995 accommodatum,
1603 1934 1801 2000 agere
1832 1922 2100 2002 posset3
2126 1915 2474 2005 verbaque

315 2027 485 2096 haec
514 2029 659 2116 ipse
697 2027 782 2095 ab
814 2027 1061 2095 Urania
1093 2048 1288 2096 musa
1316 2028 1446 2096 sibi
1478 2030 1915 2118 pronuntiata
1939 2051 2090 2099 esse
2121 2031 2320 2099 finxit
2361 2055 2375 2098 :

565 2221 729 2288 Quod
758 2221 984 2292 patriae
1014 2229 1202 2292 vacat,
1230 2221 1290 2277 id
1318 2222 1527 2278 studiis
1558 2225 1842 2296 nobisque
1873 2227 2115 2282 sacrasti
2143 2230 2183 2284 ¹.

316 2397 491 2478 Quin
530 2399 762 2482 etiarn,
808 2419 989 2482 cum,
1024 2377 1063 2465 a
1102 2419 1173 2466 re
1213 2398 1484 2486 publica
1521 2401 1868 2482 exclusus,
1903 2402 2169 2488 litteriS‚
2202 2409 2296 2471 'ut-
2323 2406 2472 2494 ipse

314 2516 559 2596 aiebat,
608 2535 681 2583 se
712 2514 1013 2596 abderet,
1060 2515 1249 2583 nullo
1281 2525 1477 2604 pacto
1508 2517 1938 2584 consularem
1978 2519 2280 2607 fugiebat
2309 2521 2473 2609 quid

312 2633 619 2721 partibus
676 2653 845 2720 quas
894 2638 1157 2700 teneret
1216 2633 1562 2722 prodesse,
1617 2633 1780 2722 quid
1829 2636 2082 2722 gloriae
2139 2659 2344 2726 quam
2400 2640 2470 2708 in

312 2745 585 2817 civitate
610 2757 789 2817 esset
810 2756 1217 2818 consecutus
1238 2749 1489 2818 addere
1512 2752 1866 2818 cumulum
1899 2759 2151 2842 posset.
2182 2757 2257 2821 In
2283 2755 2471 2823 libris·

314 2865 1097 2953 igitur‘contionabatur‚
1144 2866 1239 2933 rei
1280 2865 1592 2954 publicae
1631 2874 1698 2934 et
1738 2866 1923 2935 laudi
1969 2889 2133 2937 suae
2171 2869 2463 2937 favebat.

313 2980 450 3047 Nec
478 3000 614 3066 quo
647 2979 902 3068 patriae
932 2999 1163 3047 amore
1199 2987 1267 3047 et
1295 3001 1429 3068 qua
1458 2981 1776 3068 superbia
1805 2982 2105 3069 flagrarit
2134 2986 2466 3068 omittam,

315 3115 471 3162 curn
524 3094 836 3162 Graeciae
897 3093 1279 3162 doctrinam
1328 3095 1614 3184 eripere,
1678 3103 1745 3162 et
1801 3097 2085 3162 Romam
2148 3100 2468 3186 quicquid

312 3209 597 3278 Athenis
626 3216 765 3276 tam
805 3209 920 3277 diu
953 3208 1138 3277 laudi
1169 3208 1409 3278 fuisset
1440 3209 1737 3298 perferre
1767 3219 2150 3279 conaretur.

404 3325 586 3402 Quae
638 3331 867 3393 autem
915 3332 982 3392 et
1039 3330 1293 3413 quanta
1350 3323 1435 3392 de
1492 3325 1736 3393 litteris
1795 3327 2144 3412 meruerit,
2205 3335 2472 3417 poetaS‚'

310 3448 637 3521 oratoreS‚
673 3441 1054 3508 litterarum
1084 3460 1427 3529 quemque
1465 3441 1958 3510 amicissimum
2003 3443 2462 3528 defendend0‚

312 3554 757 3645 protegendo,
811 3553 1185 3643 diligendO,
1238 3553 1423 3622 haud
1470 3555 1664 3623 facile
1716 3562 1820 3624 est
1874 3559 2252 3646 explorare
2300 3560 2466 3626 Cum

306 3672 497 3738 enim
546 3671 813 3758 saepius
864 3691 937 3738 se
985 3669 1269 3738 minime
1323 3671 1589 3758 ingrato
1638 3673 1867 3741 animo
1915 3693 2066 3742 esse
2119 3674 2469 3763 professus

307 3784 423 3868 sit,
460 3786 837 3853 multorum
868 3804 1027 3852 eum
1060 3767 1484 3874 temporibus
1524 3802 1801 3874 operam
1841 3787 2238 3856 adhibuisse
2279 3790 2462 3876 quod

306 3899 718 3968 beneficium
748 3899 1027 3988 aliquod
1067 3898 1150 3968 ab
1181 3900 1263 3967 iis
1303 3901 1672 3988 accepisset
1705 3903 1986 3971 minime
2029 3911 2133 3970 est
2171 3903 2464 3970 incredi-

376 4127 421 4175 1.
450 4125 524 4176 De
549 4127 677 4186 div„
712 4128 860 4186 1,13,
884 4128 961 4176 22.
