3100 5042
1068 553 1105 574 ⁸,
1200 485 1519 548 -61—

292 640 447 689 vero
492 619 775 688 novavit
821 620 1158 708 finxitque
1188 621 1232 705 ¹,
1266 618 1337 685 in
1382 638 1518 707 quo
1568 618 1744 687 bene
1789 619 1992 688 etiam
2035 619 2120 689 de
2175 621 2439 692 civibus

293 735 574 802 meritus
604 740 732 820 est,
769 733 953 822 quod
989 754 1107 803 eos
1148 753 1291 801 non
1328 733 1531 802 modo
1572 734 1765 822 copia
1797 753 2051 818 rerum,
2082 734 2205 803 sed
2235 737 2439 805 etiam

293 849 657 919 verborum
708 852 1002 938 augebat
1027 849 1082 934 ’ς
1141 847 1471 937 denique,
1527 869 1685 916 cum
1743 850 1942 918 valde
1998 851 2270 919 timeret
2321 873 2434 935 ne,

290 965 494 1032 nimis
524 964 745 1031 multa
772 965 828 1031 si
859 968 1126 1053 pareret
1154 963 1512 1049 vocabula,
1549 969 1782 1033 contra
1813 965 2118 1054 linguam
2149 967 2433 1035 latinam

289 1078 548 1168 aliquid
587 1076 894 1163 auderet,
928 1078 1324 1167 saepissime
1363 1078 1548 1167 quod
1590 1099 1730 1147 uno
1762 1080 2018 1164 Graeci,
2053 1079 2242 1148 idem
2279 1083 2440 1171 plu-

286 1195 476 1263 ribus
532 1193 763 1263 verbis
809 1195 1150 1283 exposuit,
1202 1195 1545 1284 variisque
1595 1194 1867 1264 dicendi
1911 1197 2289 1267 rationibus
2335 1206 2440 1268 est

287 1331 455 1378 usus
503 1328 676 1398 quae
724 1309 1281 1398 incorporalium,
1330 1316 1405 1378 ut
1450 1312 2052 1397 grammaticorum
2103 1313 2438 1382 vocabula

287 1421 728 1513 usurpemus,
763 1425 1123 1492 nominum
1154 1430 1581 1513 praestarent
1610 1413 1860 1510 vicem,
1894 1426 1978 1493 ah
2011 1449 2141 1496 usu
2173 1429 2439 1497 Latino-

285 1561 435 1607 rum
484 1558 701 1628 paene
748 1538 1265 1608 abhorrentium
1286 1542 1330 1608 ³.
1376 1541 1612 1629 Itaque
1661 1543 2003 1630 permulta
2049 1542 2217 1611 dixit
2264 1564 2440 1632 quae

280 1655 419 1724 dici
448 1657 658 1725 latine
689 1675 890 1745 posse
922 1675 1164 1724 omnes
1194 1654 1611 1740 diffiderent,
1645 1663 2052 1745 tantumque
2085 1659 2212 1727 sibi
2243 1659 2439 1727 visus

280 1779 388 1842 est
425 1764 497 1841 in
536 1771 971 1862 philosophia
1007 1770 1401 1860 profecisse,
1439 1779 1514 1840 ut
1550 1793 1590 1840 a
1628 1774 1900 1842 Graecis
1930 1794 2018 1842 ne
2060 1778 2432 1842 verborum

285 1887 562 1977 quidem
597 1886 791 1974 copia
819 1885 1106 1953 Romani
1137 1886 1577 1955 vincerentur
1603 1889 1650 1954 ⁴.

369 2005 510 2071 Nec
557 2007 826 2069 tantum
872 2021 1031 2068 cum
1078 2000 1590 2090 philosophiam
1641 2003 1872 2072 latinis
1915 2004 2154 2072 litteris
2203 2024 2434 2093 perse-

279 2124 631 2208 queretur,
658 2116 729 2185 id
761 2117 982 2185 effecit
1014 2144 1046 2178 «
1072 2123 1145 2184 ut
1175 2116 1491 2185 idoneam
1524 2118 1732 2186 rebus
1761 2119 2104 2188 inusitatis
2130 2120 2435 2208 linguam

286 2234 639 2322 effingeret
671 2259 703 2293 »
746 2235 802 2316 ⁸;
838 2233 1133 2320 patrium
1175 2233 1361 2299 enim
1411 2252 1828 2317 sermonem,
1865 2255 2021 2303 cum
2058 2236 2436 2304 rhetoricos

281 2351 496 2418 libros
539 2347 1023 2431 conscriberet,
1075 2367 1217 2414 non
1259 2348 1508 2436 pariter
1565 2349 1867 2436 quidem,
1913 2369 2163 2438 magno
2206 2357 2433 2419 tamen

278 2485 486 2555 opere
525 2463 967 2552 locupletavit
994 2464 1039 2530 ⁶.
1075 2462 1415 2544 Ceterum,
1456 2462 1594 2531 duo
1636 2463 1804 2532 haec
1842 2484 2094 2554 genera
2137 2464 2430 2552 quadam

276 2602 363 2651 ex
416 2587 605 2671 parte
656 2578 905 2647 similia
950 2579 1128 2645 inter
1167 2598 1241 2646 se
1278 2560 1433 2647 esse
1485 2580 1836 2648 neminem
1886 2579 2082 2670 fugit,
2127 2595 2284 2648 cum
2322 2582 2436 2650 vel

279 2695 777 2786 philosophans
798 2694 1029 2763 Cicero
1050 2694 1487 2783 potissimum
1512 2693 1849 2764 rhetorice
1869 2695 2070 2781 dicat,
2098 2697 2436 2785 quaestio·

280 2832 541 2900 nesque
573 2820 923 2900 tamquam
956 2836 986 2870 «
1019 2809 1291 2877 scholas
1327 2836 1359 2871 »
1402 2810 1812 2879 Graecorum
1844 2831 2035 2880 more
2067 2811 2357 2899 explicet
2384 2814 2429 2893 ⁷,

343 3001 388 3047 1.
424 2997 561 3046 vide
591 2997 733 3046 ruse.
760 2994 918 3056 disp„
950 2997 991 3052 1,
1023 2997 1072 3055 7,
1106 2996 1194 3056 143
1224 2997 1269 3055 3,
1305 2997 1351 3050 9,
1381 2996 1468 3055 203
1504 2997 1549 3056 4,
1583 2996 1629 3052 7,
1664 2995 1934 3054 1634,11‚
1965 2996 2053 3054 253
2092 2996 2221 3054 4‚15‚
2254 2995 2340 3053 343
2373 2961 2438 3045 ἀὲ

279 3069 402 3117 Nat.
434 3066 666 3127 deorum,
703 3069 748 3125 1,
787 3067 863 3125 Π,
898 3066 987 3124 44;
1031 3067 1074 3122 1,
1116 3066 1196 3126 39,
1243 3066 1360 3123 109;
1406 3067 1453 3124 2,
1490 3065 1568 3120 11,
1603 3067 1689 3124 29;
1724 3064 1789 3113 de
1824 3064 1961 3122 Div.,
1997 3065 2043 3122 2,
2078 3065 2153 3120 53,
2200 3063 2315 3124 1083
2354 3065 2434 3112 Ti-

276 3153 503 3195 maeum,
535 3139 583 3198 4,
623 3141 709 3198 133
739 3136 788 3196 Ἴ,
818 3139 896 3184 23.
926 3163 989 3171 —-
1027 3136 1100 3185 cf.
1134 3135 1199 3184 de
1225 3135 1363 3197 Fin„
1394 3135 1441 3194 3,
1473 3137 1519 3194 1,
1551 3136 1659 3194 3-2,
1693 3135 1752 3194 53
1783 3137 1827 3191 3,
1862 3136 1909 3192 4,
1943 3135 2121 3191 15-16;
2163 3133 2434 3183 Plutarchi

287 3211 457 3260 Vitam
489 3209 615 3270 Cic.,
637 3210 715 3269 40,
749 3211 805 3256 et
835 3207 1001 3257 Revue
1024 3207 1115 3256 des
1148 3208 1351 3268 Revues,
1380 3220 1429 3257 a.
1459 3208 1600 3266 1881,
1630 3219 1681 3267 p.
1710 3206 1815 3262 313,
1850 3205 1942 3255 ubi
1972 3205 2292 3266 opusculum
2317 3219 2349 3255 a
2378 3206 2433 3256 C.

280 3282 345 3330 M.
368 3279 649 3330 Francken
678 3278 940 3342 scriptum
973 3277 1243 3326 laudatur.

340 3353 387 3400 2.
419 3351 567 3400 Hanc
593 3349 803 3399 laudem
837 3349 1020 3398 Cicero
1051 3349 1166 3409 ipse
1189 3346 1418 3397 Varroni
1439 3347 1630 3397 tribuit
1651 3346 1704 3395 in
1732 3345 1892 3395 Acad.
1923 3348 2079 3409 post„
2106 3347 2150 3406 1,
2182 3348 2226 3403 Ἴ,
2261 3347 2340 3397 26.

340 3426 387 3472 3.
416 3421 552 3472 Vide
584 3419 830 3483 inprimis
869 3420 931 3468 Η.
966 3418 1199 3478 Goelzer,
1233 3409 1407 3467 Etude
1436 3416 1894 3481 lexicoyraphique
1937 3419 1987 3465 et
2031 3418 2438 3482 qrammaticale

274 3507 373 3543 sur
398 3494 452 3542 la
478 3492 693 3540 latinitas
713 3490 776 3539 de
802 3490 944 3539 saint
968 3490 1191 3549 Jerome,
1222 3489 1388 3550 Paria,
1418 3488 1700 3550 Hachette,
1731 3490 1868 3548 1884,
1909 3502 1960 3550 p.
1990 3489 2154 3537 16-19.

340 3566 385 3614 4.
415 3565 487 3612 De
509 3562 624 3627 fin„
657 3564 702 3624 5,
734 3563 807 3618 32,
841 3564 929 3622 96;
959 3562 1023 3610 de
1048 3560 1172 3610 Nat.
1204 3561 1436 3622 deorum,
1475 3562 1519 3622 1,
1555 3563 1599 3620 4,
1626 3562 1670 3609 8.

340 3638 384 3685 5.
415 3635 475 3684 V.
509 3634 701 3690 Clavel,
735 3633 797 3681 de
832 3632 902 3681 M.
942 3631 1182 3682 Cicerone
1222 3630 1538 3681 Graecorum
1574 3632 1919 3694 interprete...
1957 3629 2124 3691 Paris,
2157 3630 2434 3692 Hachette‚

283 3706 401 3828 ¹838
416 3706 682 3839 ἰξὲοῃέᾖ.
718 3775 990 3834 Causeret‚
1022 3768 1193 3823 Etude
1215 3788 1309 3823 ειη*
1345 3772 1399 3822 la
1432 3773 1626 3837 lanque
1653 3772 1718 3823 de
1756 3772 1809 3822 Ia
1845 3771 2151 3836 rhetor-ique
2193 3774 2245 3821 et
2284 3772 2346 3821 de
2383 3772 2436 3822 la

277 3851 500 3915 critique
542 3849 798 3898 litter-aire
842 3847 977 3896 dans
1020 3849 1248 3910 Ciceron,
1283 3847 1450 3907 Paria,
1484 3848 1762 3909 Hachette,
1803 3849 1943 3907 1886,
1981 3847 2231 3911 inprimis
2271 3860 2321 3908 p.
2356 3849 2435 3896 13-

279 3921 703 4054 227et1337st³102
735 3991 781 4051 6,
814 3992 906 4049 1Ἶ;
937 3992 1078 4040 Tusc.
1114 3990 1270 4054 disp„
1295 3991 1340 4050 1,
1372 3992 1419 4049 4,
1448 3992 1505 4048 73
1532 3990 1580 4049 1,
1612 3992 1686 4046 47,
1720 3991 1839 4048 1123
1870 3991 1919 4051 2,
1951 3992 1996 4050 3,
2020 3989 2078 4047 93
2109 3991 2156 4047 3,
2187 3992 2236 4049 6,
2268 3991 2343 4037 13.
2373 4015 2437 4024 -

278 4063 354 4113 Cf.
394 4062 731 4126 Bernhardy,
777 4061 1059 4111 Grundriss
1096 4060 1193 4111 der
1228 4058 1556 4111 Roemischen
1602 4060 1891 4122 Lilia-atur,
1935 4064 2006 4108 51⁰
2063 4058 2433 4123 Bearbeitunq,

283 4132 718 4196 Braunschweig,
756 4133 892 4194 1872,
923 4147 977 4196 p.
1012 4133 1089 4183 63.
