3100 5042
1168 508 1498 571 ,11-

246 666 459 733 quam
488 651 566 711 ut
594 642 723 712 sibi
759 648 996 732 poetae
1025 647 1092 710 et
1119 641 1406 710 oratoris
1437 647 1504 710 et
1533 641 1884 730 scriptoris
1902 646 2138 729 partes
2166 647 2410 709 ‘acturo

245 759 598 830 commodi
659 757 919 847 aliquid
963 757 1364 845 acquireret,
1427 756 1895 846 pervolutasse
1941 754 2213 824 videtur
2258 779 2273 823 :
2326 757 2409 824 ab

244 877 334 944 iis
401 876 589 944 enim
649 873 966 962 exempla
1017 879 1086 940 et
1140 878 1495 961 praecepta
1541 873 1977 960 potissimum
2025 878 2407 956 mutuatur3

247 993 633 1060 Homerum
680 988 964 1057 oratoris
1016 1008 1267 1056 nomen
1329 988 1663 1056 meruisse
1719 989 2031 1072 censet¹3
2073 988 2413 1076 Euripidis

248 1106 663 1196 prudentiae
718 1105 812 1172 ita
872 1102 1106 1188 credit,
1157 1108 1231 1170 ut
1286 1103 1595 1190 singulos
1642 1103 1790 1191 ejus
1839 1123 2079 1171 versus
2142 1104 2413 1192 singula

249 1220 651 1290 testimonia
679 1239 754 1288 se
781 1224 1021 1308 putare
1044 1220 1286 1307 jocans
1325 1217 1601 1307 quidem
1632 1219 2029 1305 profiteatur
2050 1220 2093 1286 ².
2128 1219 2410 1286 Necnon

253 1335 542 1404 eosdem
578 1341 834 1424 poetas,
871 1355 1029 1402 cum
1077 1353 1394 1422 magnam
1437 1353 1595 1421 prae
1626 1352 1701 1401 se
1739 1333 2040 1421 speciem
2066 1331 2411 1401 doctrinae

255 1451 768 1540 sapientiaeque
805 1449 1049 1532 ferant,
1094 1447 1388 1536 ideoque
1429 1446 1819 1531 audiantur,
1854 1449 2192 1537 legantur,
2230 1447 2413 1516 edis-

250 1571 496 1634 cantur
525 1572 592 1633 et
635 1564 908 1653 penitus
956 1565 1031 1630 in
1077 1563 1426 1631 mentibus
1469 1563 1967 1647 inhaerescant‚
2003 1563 2189 1653 quod
2227 1584 2413 1632 erro-

249 1680 442 1749 ribus
475 1701 602 1748 nos
632 1679 1004 1749 imbuerint
1023 1680 1363 1747 accusat-³:
1391 1706 1423 1740 «
1449 1678 1629 1756 Quas
1649 1679 1777 1763 illi,
1797 1679 2044 1767 inquit,
2065 1677 2417 1746 obducunt

251 1795 615 1864 tenebras!
660 1817 834 1885 quos
867 1795 1208 1862 invehunt
1245 1797 1508 1862 metus!
1559 1815 1727 1883 quas
1758 1793 2185 1861 inflammant
2223 1792 2412 1882 cupi-

256 1910 576 1981 ditates!⁴
627 1937 660 1974 »
719 1911 896 1988 Quin
943 1912 1174 1995 etiam,
1226 1930 1446 1999 genus
1503 1909 1782 1998 aliquod
1854 1915 2230 1999 poetarum,
2289 1927 2416 1976 nec

255 2027 688 2096 levissimum
716 2025 888 2093 illud
929 2024 1228 2115 quidem,
1264 2024 1629 2113 indignum
1668 2024 1754 2092 ad
1796 2023 1980 2112 quod
2018 2025 2415 2114 respiciatur

250 2142 537 2233 judicat,
577 2149 911 2231 negatque
943 2162 1041 2225 se,
1079 2142 1137 2208 si
1184 2140 1571 2230 duplicetur
1602 2141 1731 2208 sibi
1770 2147 1976 2223 aetas,
2022 2141 2411 2210 habiturum

259 2265 531 2347 tempus
561 2279 697 2347 quo
727 2259 910 2349 legat
937 2257 1188 2345 lyricos
1209 2259 1254 2325 ⁵.

350 2373 525 2452 Quid
598 2375 901 2442 mirum?
957 2375 1201 2440 Nonne
1261 2371 1712 2461 philosophos
1782 2372 1988 2439 simili
2055 2379 2283 2441 mente
2348 2377 2417 2441 et

263 2491 525 2560 ratione
569 2489 882 2558 aestimat
921 2488 1427 2576 amplissimos?
1461 2487 1814 2555 Platonem
1858 2489 2067 2571 enim,
2121 2489 2228 2555 cui
2276 2493 2411 2556 sta-

264 2614 452 2673 tuam
483 2626 608 2673 suo
631 2606 701 2671 in
724 2603 990 2693 pratulo
1012 2604 1392 2692 posuerat⁶,
1415 2602 1623 2670 deum
1653 2603 1923 2693 saepius
1953 2614 2020 2672 et
2040 2604 2411 2693 principem

274 2722 529 2810 ingenii
561 2719 1049 2809 doctrinaeque
1087 2721 1398 2787 nominat
1415 2720 1460 2804 ⁷3
1496 2726 1699 2808 atque
1737 2720 2170 2788 Aristotelem
2208 2721 2415 2808 longe

264 2837 583 2906 omnibus
617 2836 1000 2927 (Platonem
1042 2835 1098 2903 si
1129 2833 1500 2926 exceperis)
1532 2841 1994 2922 praestantem
2033 2843 2099 2903 et
2135 2836 2413 2922 ingenio

263 2959 331 3022 et
369 2952 720 3041 diligentia
757 2951 1158 3040 pronuntiat
1181 2953 1224 3018 ⁸.
1261 2951 1540 3020 Illorum
1582 2957 1818 3020 tamen
1861 2957 2149 3040 apertaS,
2194 2959 2269 3019 ut
2324 2952 2416 3019 ita

268 3069 517 3150 dicam,
551 3075 620 3136 et
650 3068 993 3155 legentem
1035 3067 1279 3155 opibus
1302 3069 1627 3156 juvantes
1656 3067 1966 3152 virtutes,
2002 3088 2144 3136 non
2174 3087 2416 3136 recon-

268 3185 442 3253 ditas
482 3190 549 3251 et
597 3202 681 3251 ex
731 3203 862 3250 usu
909 3182 1102 3250 nullo
1152 3180 1418 3249 futuras
1460 3182 1733 3271 planius
1771 3182 1949 3271 capit
1986 3188 2055 3251 et
2091 3182 2413 3254 libentius·

329 3380 372 3428 1.
403 3378 573 3434 Brut„
604 3378 680 3437 10,
706 3379 785 3426 40.

328 3450 374 3497 2.
405 3448 598 3512 Epist„
626 3451 704 3508 16,
735 3448 782 3510 8,
812 3450 840 3496 2
869 3446 957 3511 (ad
985 3446 1276 3510 Tironem).

327 3521 374 3567 3.
409 3519 551 3567 Tusc.
573 3519 809 3582 disp.,·3,
844 3521 892 3580 2,
924 3520 971 3568 3.

329 3591 375 3637 4.
401 3589 476 3638 De
503 3603 562 3638 re
577 3588 751 3652 publ„
783 3592 830 3650 4,
863 3593 910 3652 9,
947 3592 975 3638 9
1007 3589 1092 3653 (ex
1123 3590 1412 3653 Augustini
1439 3590 1516 3640 De
1556 3589 1781 3640 Civitate
1809 3591 1925 3654 Dei,
1956 3594 2003 3654 2,
2033 3595 2111 3653 14,
2145 3592 2320 3655 extr.).
2354 3619 2415 3630 -

274 3661 348 3710 Cf.
377 3660 515 3709 Tusc.
547 3660 703 3724 disp„
725 3663 773 3721 4,
809 3661 888 3721 32,
919 3663 978 3711 69
1011 3677 1023 3710 :
1057 3681 1082 3707 «
1107 3662 1147 3712 O
1167 3663 1497 3726 praeclaram
1515 3661 1939 3712 emendatricem
1957 3664 2103 3714 vitae
2120 3663 2413 3725 poeticam!

274 3744 409 3794 quae
437 3744 678 3781 amorem
713 3731 904 3794 flagitii
937 3735 990 3782 et
1009 3732 1244 3782 levitatis
1263 3736 1540 3782 auctorem
1575 3733 1630 3781 in
1660 3733 1884 3782 concilio
1904 3734 2129 3784 deorum
2152 3733 2415 3784 collocan-

273 3803 398 3852 dum
430 3801 696 3864 putat-...l
728 3820 754 3846 »

331 3875 376 3922 5.
407 3874 480 3923 De
519 3887 575 3921 re
594 3871 766 3937 publ„
797 3875 842 3934 4,
875 3875 922 3936 9,
953 3876 982 3923 9
1021 3876 1072 3936 (e
1102 3875 1333 3927 Senecae
1366 3877 1516 3939 epist.
1547 3877 1629 3937 49,
1660 3875 1724 3939 5).
1752 3876 2112 3930 Nihilominus
2138 3877 2321 3926 Cicero
2348 3875 2418 3927 ad

271 3944 503 3995 Atticum
540 3944 784 3994 scribens
826 3945 1086 3996 nonnulla
1123 3946 1342 3998 Pindari
1378 3947 1542 3998 verba
1579 3950 1807 4010 usurpat
1835 3946 1935 4011 (Ad
1964 3947 2091 4006 Att„
2128 3950 2203 4009 13,
2244 3948 2322 4009 38,
2347 3947 2417 4010 2).

330 4017 377 4065 6.
410 4015 582 4077 Brut„
613 4017 658 4074 6,
689 4017 770 4066 24.

331 4087 378 4136 Ἰ.
408 4087 494 4136 Ad
521 4087 652 4144 Alc„
687 4087 742 4150 4,
773 4089 850 4150 16,
879 4089 936 4148 33
965 4089 1036 4136 ad
1062 4088 1118 4148 Q.
1150 4087 1240 4150 fr„
1277 4091 1321 4149 1,
1354 4091 1398 4150 1,
1426 4090 1500 4149 10,
1533 4091 1627 4151 29;
1656 4090 1724 4140 al.

331 4157 383 4206 8.
421 4159 565 4216 Tusc‘.
595 4158 754 4223 disp„
782 4161 832 4219 1,
863 4159 938 4218 10,
971 4161 1049 4209 22.
