3100 5042
1581 535 1903 600 ..13-

675 691 749 742 se
803 672 950 761 ipse
1015 667 1382 739 dediderit!
1448 670 1664 747 Quam
1720 690 1947 760 saepe,
2004 691 2161 738 cum
2237 691 2479 739 causas
2544 673 2861 762 explicat

679 786 930 878 quibus
992 786 1140 875 ipse
1205 790 1273 854 et
1344 785 1779 854 familiarium
1848 786 2093 874 aliquis
2162 787 2339 854 inter
2404 807 2479 855 se
2546 790 2855 878 conjun-

673 908 950 993 guntur,
1001 901 1170 971 haec
1224 906 1342 970 aut
1399 901 1642 970 similia
1702 901 1912 970 verba
1956 901 2187 990 adjicit
2227 924 2244 970 ε
2284 928 2317 964 «
2366 902 2643 972 Accedit
2695 927 2853 973 non

678 1017 1023 1089 mediocre
1060 1017 1415 1085 vinculum
1445 1037 1605 1085 cum
1634 1016 2045 1102 studiorum,
2088 1017 2276 1106 quod
2314 1019 2540 1108 ipsum
2572 1027 2678 1088 est
2715 1042 2852 1109 per

676 1156 750 1205 se
797 1155 1026 1225 grave,
1070 1139 1219 1202 tum
1256 1153 1493 1202 eorum
1534 1132 1915 1202 studiorum
1954 1153 2329 1223 earumque
2372 1135 2618 1204 artium
2658 1158 2847 1223 quae

673 1233 896 1343 perse
937 1251 1124 1340 ipsae
1155 1270 1297 1335 665,
1332 1250 1447 1338 qui
1484 1251 1839 1320 voluntate
1878 1250 2119 1319 eadem
2158 1257 2341 1332 sunt,
2386 1253 2592 1319 etiam
2633 1251 2841 1320 fami-

684 1368 970 1436 liaritate
1027 1365 1472 1434 devinciunt¹
1533 1367 1605 1432 »1
1660 1367 1950 1434 Multum
2006 1367 2212 1453 igitur
2262 1365 2347 1433 ad
2399 1366 2837 1456 jungendam

677 1504 832 1553 cum
873 1484 1198 1552 Cicerone
1227 1481 1795 1570 retinendamque
1826 1483 2192 1550 amicitiam
2232 1482 2552 1551 valebant
2588 1483 2837 1552 eadem

675 1599 762 1668 de
818 1598 1106 1688 publicis
1163 1598 1370 1667 rebus
1425 1597 1767 1666 sentiendi
1824 1598 2020 1679 ratio,
2074 1604 2140 1666 et
2199 1598 2592 1666 simillimus
2650 1600 2834 1668 vitae

673 1714 892 1784 civilis
921 1734 1188 1800 cursuS,
1213 1721 1280 1782 et
1309 1713 1690 1782 officiorum
1719 1714 2228 1801 utilitatumque
2259 1713 2825 1795 communicatio;

674 1835 742 1898 at
783 1829 1079 1897 multum
1129 1830 1334 1898 etiam
1385 1828 1763 1896 similitudo
1823 1828 2209 1896 studiorum
2262 1835 2353 1908 et,
2402 1834 2479 1897 ut
2519 1828 2666 1917 ipse
2708 1830 2825 1914 ait,

670 1946 935 2015 litterae
967 1944 1320 2013 interiores
1348 1946 1393 2011 ⁸.

763 2059 960 2128 Haud
994 2080 1248 2149 paucos
1285 2061 1491 2150 igitur
1516 2060 1705 2129 viros
1736 2059 2013 2144 amavit,
2059 2059 2466 2148 quibuscum
2504 2081 2645 2128 uno
2685 2065 2827 2129 stu-

671 2176 941 2244 diorum
979 2177 1411 2259 commerci0‚
1437 2196 1593 2244 cum
1625 2196 1665 2243 a
1695 2195 1766 2244 re
1796 2175 2068 2266 publica
2098 2181 2331 2243 essent
2357 2175 2625 2260 remoti,
2660 2195 2827 2243 con-

662 2295 946 2382 junctus
1004 2292 1253 2378 fuerat3
1304 2311 1341 2359 e
1398 2291 1649 2380 quibus
1701 2292 1932 2380 plures
1991 2297 2249 2380 postea,
2314 2311 2501 2358 nunc
2563 2291 2825 2360 Niciam

671 2408 1190 2498 grammaticum
1229 2406 1783 2476 commemorabo
1808 2409 1855 2489 ³,
1890 2407 2495 2496 philosophosque
2534 2406 2693 2474 illos
2731 2428 2825 2494 qu

665 2525 948 2593 Athenis
985 2523 1321 2593 florebant
1353 2547 1367 2590 ε
1403 2522 1730 2603 Aristum,
1766 2521 1947 2610 apud
1991 2543 2194 2611 quem
2235 2525 2625 2612 imperator,
2665 2543 2822 2591 cum

666 2661 703 2708 e
743 2639 971 2707 Cilicia
1001 2638 1380 2722 decederet,
1413 2638 1813 2707 deversatus
1854 2645 1980 2725 est,
2014 2639 2403 2720 Xenonem,
2440 2639 2747 2707 Sironem
2769 2640 2815 2722 ⁴,

668 2755 860 2823 alios,
911 2752 1085 2832 Quid
1132 2759 1358 2821 autem
1412 2753 1497 2821 de
1535 2754 1878 2842 magistris
1922 2754 2167 2836 dicam,
2204 2773 2399 2842 quOS‚
2435 2774 2616 2835 cum,
2655 2774 2815 2843 pro-

668 2877 862 2938 vecta
918 2875 1166 2950 aetate,
1229 2867 1494 2958 jamdiu
1559 2867 1937 2958 discipulus
2004 2889 2155 2938 esse
2211 2869 2563 2952 desiisset,
2633 2874 2821 2958 grata

667 2991 896 3056 tamen
968 2985 1298 3054 memoria
1371 2990 1436 3053 et
1519 2984 1723 3054 laude
1788 2990 1854 3054 et
1934 3006 2166 3054 amore
2239 2985 2819 3074 prosequebatur?

661 3104 922 3192 Nempe
973 3107 1227 3192 quanta
1273 3101 1357 3169 de
1397 3103 1740 3170 Scaevolis
1778 3121 2037 3190 augure
2084 3106 2153 3170 et
2190 3101 2509 3191 pontifice
2549 3101 2817 3190 praedi-

661 3219 838 3288 cavit
857 3221 910 3286 ⁵!
951 3219 1165 3296 Quam
1194 3216 1448 3285 libente
1477 3217 1710 3284 animo
1741 3217 1813 3283 L.
1841 3217 2107 3284 Aelium
2138 3217 2634 3285 Praeconinum
2663 3236 2817 3305 pro-

663 3334 886 3402 fessus
929 3338 1034 3402 est
1069 3333 1351 3401 omnino
1390 3333 1745 3422 egregium
1786 3333 2010 3401 virum
2051 3353 2225 3413 esse,
2274 3339 2342 3400 et
2380 3353 2534 3400 cum
2576 3333 2814 3421 primis

661 3450 1058 3533 honestum,
1092 3447 1525 3536 eundemque
1563 3448 1805 3516 litteris
1843 3455 1909 3516 et
1947 3448 2206 3537 graecis
2243 3457 2309 3516 et
2339 3448 2565 3516 latinis
2595 3446 2815 3519 erudi-

723 3628 771 3675 1.
802 3625 992 3689 Epist„
1028 3611 1213 3685 13‚'29,
1247 3627 1290 3673 1.

725 3699 770 3746 2.
800 3697 990 3760 Epist„
1018 3699 1064 3756 3,
1099 3699 1173 3758 10,
1199 3696 1416 3745 9.—De
1445 3695 1545 3746 hac
1571 3699 1685 3746 tota
1708 3697 2027 3759 quaestione
2056 3697 2122 3746 cf.
2150 3696 2338 3760 Epist„
2369 3697 2415 3756 2,
2448 3698 2521 3758 13,
2554 3699 2610 3758 23
2636 3698 2711 3758 13,
2736 3697 2810 3756 10,

663 3770 1025 3888 233917*ῑὲῗάὅᾶ
1048 3768 1180 3900 filit„
1212 3840 1291 3898 12,
1333 3840 1412 3899 26,
1442 3840 1499 3897 23
1541 3839 1617 3896 13,
1648 3838 1725 3895 28,
1758 3837 1814 3898 33
1846 3839 1898 3887 et
1932 3837 2174 3887 Suetonii
2208 3837 2281 3886 De
2308 3838 2616 3901 yrammat„
2644 3839 2720 3885 14.

726 3912 772 3957 4.
804 3910 879 3958 De
903 3908 1084 3958 Aristo
1117 3908 1242 3957 vide
1271 3907 1616 3969 potissimum
1651 3906 1723 3956 ad
1751 3909 1881 3968 Ata,
1914 3909 1960 3967 5,
1997 3909 2075 3968 10,
2102 3910 2157 3965 53
2190 3912 2243 3956 et
2272 3908 2440 3968 Brut„
2466 3908 2547 3968 97,
2582 3908 2699 3969 3323
2748 3905 2812 3955 de

662 3981 897 4037 Xenone,
934 3980 1005 4029 ad
1024 3979 1155 4041 Διὰ,
1183 3982 1230 4041 5,
1264 3982 1340 4041 11,
1373 3981 1428 4042 63
1461 3979 1528 4029 de
1561 3979 1771 4040 Sirone,
1800 3979 1991 4042 Epist„
2022 3981 2068 4040 6,
2105 3981 2179 4038 11,
2210 3982 2257 4028 2.

728 4054 772 4100 5.
805 4051 879 4099 De
905 4051 1077 4110 amic„
1105 4053 1148 4112 1,
1183 4053 1234 4112 13
1265 4051 1332 4100 al.
1363 4051 1561 4100 Multos
1581 4051 1668 4100 hic
1694 4055 1748 4099 et
1776 4051 1905 4100 alibi
1937 4050 2209 4099 Ciceronis
2243 4051 2390 4099 locos
2421 4049 2811 4111 praetermitto,

665 4136 802 4185 quos
829 4123 912 4171 vel
942 4121 996 4170 in
1030 4123 1208 4172 Orellii
1243 4122 1378 4172 libro
1409 4121 1501 4184 qui
1539 4121 1867 4171 Onomastico
1934 4119 2247 4178 Tullianum,
2281 4120 2365 4170 vel
2400 4121 2455 4168 in
2484 4120 2685 4169 Teuffel
2720 4119 2811 4182 qui

668 4192 966 4243 Geschichte
994 4191 1089 4242 der
1109 4193 1409 4243 Romi-‘tehen
1433 4194 1707 4242 Literatur
1732 4192 2048 4243 inscribitur
2075 4193 2327 4242 facillime
2356 4203 2522 4255 queas
2557 4191 2810 4252 reperire.
