3100 5042
1255 491 1581 555 -23-

341 627 585 696 merita
621 627 993 698 verisimile
1044 633 1147 697 est
1192 630 1239 713 ¹,
1290 626 1765 697 emendandos
1811 633 1880 698 et
1915 627 2223 698 edendos
2262 649 2495 700 susce—

340 745 524 834 pisse
563 743 838 813 videtur
866 745 911 812 ².

432 843 664 937 Quinti
692 860 896 929 etiam
926 859 1134 944 filius,
1172 859 1356 928 vitiis
1394 859 1687 928 refertus
1723 860 2129 930 adulescens
2168 869 2235 930 et
2277 880 2489 950 egens

339 976 576 1058 freniS,
639 984 716 1044 ut
770 996 810 1044 a
857 977 1150 1044 Paeonio
1212 981 1280 1045 et
1333 977 1767 1064 Tyrannione
1820 978 2161 1067 magistris
2216 976 2486 1066 egregie

338 1091 725 1162 erudiretur
753 1092 1098 1160 consuluit
1128 1097 1198 1160 et
1226 1093 1597 1181 prospexit,
1632 1098 1701 1162 et
1726 1100 1803 1161 ut
1840 1093 2046 1162 simul
2074 1114 2233 1162 cum
2263 1094 2489 1160 Marco

338 1208 482 1276 filio
512 1212 943 1276 exerceretur
961 1206 1241 1290 curavit,
1270 1213 1338 1276 et
1363 1207 1526 1298 quid
1552 1208 1841 1278 disceret
1860 1229 2066 1298 quam
2090 1209 2486 1297 saepissime

340 1321 636 1411 inspexit
673 1325 719 1390 ³.

429 1439 736 1526 Denique
759 1439 1066 1524 Lucium,
1101 1439 1377 1508 fratrem
1399 1439 1803 1528 cognatione
1832 1440 2232 1530 patruelem,
2258 1461 2491 1510 amore

339 1575 771 1644 germanum,
805 1554 1136 1639 incitavit,
1170 1555 1469 1644 primum
1499 1561 1577 1623 ut
1611 1556 1869 1645 aliquid
1908 1577 2194 1626 suorum
2230 1556 2497 1627 studio-

339 1692 493 1738 rum
557 1671 1035 1760 philosophiae
1094 1692 1368 1760 quoque
1420 1673 1822 1761 impertiret,
1871 1671 2125 1741 deinde
2180 1679 2257 1740 ut
2319 1673 2492 1742 illud

339 1787 593 1875 ipsum,
628 1785 813 1875 quod
844 1785 1171 1872 studeret,
1205 1785 1426 1857 facere
1457 1794 1689 1877 posset
1718 1789 2024 1856 ornatius
2058 1789 2101 1854 ⁴.

431 1903 654 1972 Servis
687 1903 918 1972 'etiam
989 1910 1055 1973 et
1119 1892 1396 1989 libertis,
1457 1903 1837 1974 dummodo
1896 1905 2168 1973 litterati
2230 1912 2485 1990 essent,

341 2016 833 2104 delectabatur3
915 2021 1167 2110 quippe
1250 2019 1542 2088 Sosithei
1630 2020 1988 2109 cujusdam
2076 2025 2489 2110 anagnostae

343 2141 561 2204 morte
625 2136 1074 2204 vehementer
1149 2143 1533 2204 commotus
1608 2143 1713 2204 est
1764 2139 1825 2220 ⁵3
1894 2142 1961 2205 et
2036 2137 2490 2227 Chrysippum

341 2251 714 2338 quendam,
768 2257 1044 2340 propter
1095 2250 1516 2336 litterarum,
1574 2257 1650 2319 ut
1704 2250 1953 2332 aiebat,
2017 2254 2247 2322 nescio
2301 2251 2488 2341 quid,

340 2367 631 2436 libenter
700 2366 1000 2451 videbat,
1079 2367 1148 2434 in
1222 2367 1485 2435 honore
1562 2365 1876 2451 habehat,
1957 2368 2113 2436 filio.
2172 2369 2491 2436 comitem

340 2482 757 2573 adjungebat
793 2485 847 2568 ⁶3
895 2489 962 2551 ct
1005 2483 1408 2571 Dionysium
1452 2482 1675 2568 illum,
1717 2484 1913 2571 cujus
1950 2484 2023 2551 in
2070 2485 2493 2553 mentionem

340 2600 546 2689 paulo
603 2605 760 2667 ante
812 2599 1049 2682 incidi,
1111 2598 1616 2667 honoratiorem
1672 2598 1853 2687 apud
1910 2619 1985 2668 se
2045 2620 2252 2688 quam
2308 2601 2490 2693 apud

342 2715 724 2804 Scipionem
775 2714 1136 2782 Panaetius
1194 2713 1412 2781 fuerat
1469 2712 1872 2782 observabat
1900 2715 1945 2781 ⁷.
1993 2714 2212 2784 Immo
2261 2716 2491 2804 plures

340 2830 776 2920 ipse-litteris
820 2827 1191 2912 imbuebat,
1247 2848 1285 2896 e
1339 2828 1587 2918 quibus
1637 2828 2055 2918 Philologus,
2108 2832 2166 2898 si
2212 2830 2485 2920 quidem

341 2946 703 3014 Plutarcho
738 2944 946 3014 fidem
977 2943 1312 3013 habemus
1342 2946 1387 3031 ⁸,
1421 2953 1934 3034 praeceptorem
1962 2944 2049 3012 ad
2078 2947 2490 3035 supplicium

341 3063 644 3147 tradidit,
685 3062 836 3129 Tiro
876 3068 1112 3130 contra
1161 3061 1463 3148 magistri
1506 3060 1760 3148 gloriae
1799 3075 2068 3128 summa
2106 3082 2233 3150 ope
2273 3083 2489 3150 usque

406 3301 451 3346 1.
483 3297 600 3347 Vid.
644 3298 727 3347 Fr.
777 3296 1090 3358 Buecheler,
1131 3296 1186 3346 in
1226 3295 1560 3360 praefatione
1601 3295 1768 3344 libelli
1811 3295 1903 3359 qui
1947 3295 2261 3346 inscribitur
2308 3295 2491 3358 Quinti

345 3367 601 3418 Ciceronis
633 3367 910 3432 reliquiae,
939 3368 1169 3432 Lipsiae,
1202 3367 1257 3415 in
1287 3366 1516 3416 aedibus
1542 3365 1829 3427 Teubneri,
1863 3367 1999 3428 1868,
2031 3380 2083 3429 p.
2116 3369 2192 3416 15.

404 3441 452 3488 2.
478 3438 560 3488 Ad
583 3440 716 3499 Act„
737 3441 784 3501 2,
818 3442 895 3500 16,
915 3441 962 3487 4.
1842 3467 1851 3472 -

407 3513 450 3561 3.
482 3510 566 3560 Ad
589 3511 644 3571 Q.
688 3509 780 3573 fr„
813 3513 861 3571 2,
891 3513 938 3570 4,
968 3512 1025 3568 23
1054 3511 1206 3571 2,12,
1240 3511 1298 3570 2;
1329 3511 1374 3569 3,
1407 3511 1452 3571 1,
1482 3509 1527 3567 4,
1571 3511 1659 3569 143
1690 3512 1737 3571 3,
1768 3509 1868 3570 3,1
1908 3512 1963 3558 et
1990 3510 2045 3571 43
2076 3509 2150 3560 ad
2185 3511 2318 3574 All„
2354 3515 2401 3571 6,
2444 3512 2484 3569 1,

401 3655 449 3702 4.
476 3653 551 3702 De
577 3653 703 3717 fin„
738 3655 784 3712 5,
818 3653 862 3710 1,
902 3653 925 3700 1
953 3655 1007 3700 et
1027 3655 1073 3713 2,
1105 3653 1154 3700 6.

403 3727 449 3774 5.
480 3722 566 3774 Ad
593 3724 726 3783 Act„
759 3727 805 3783 1,
838 3725 916 3784 12,
947 3725 994 3772 3.

402 3798 447 3845 6.
479 3795 522 3844 Α
550 3798 927 3864 puero-tamen
957 3793 1226 3855 discessit,
1253 3807 1359 3856 qua
1392 3794 1519 3858 tuga
1541 3792 1680 3842 nihil
1716 3793 1957 3844 Ciceroni
1994 3793 2169 3843 visum
2215 3797 2297 3843 est
2321 3793 2485 3843 scele-

343 3868 511 3917 ratius
537 3882 552 3914 :
583 3866 668 3915 Ad
687 3865 818 3927 Ata,
847 3867 896 3927 Ἰ,
927 3869 974 3928 2,
1003 3868 1050 3916 8.

403 3940 450 3987 Ἰ.
482 3939 652 3999 Quam
683 3939 896 4001 ingrato
923 3939 1107 3988 animo
1144 3937 1432 3999 Dionysius
1466 3941 1654 3999 postea
1691 3937 1871 3997 fuerit,
1905 3936 2089 3986 multis
2118 3935 2483 3985 Tullianamm

342 4011 694 4072 epistularum
729 4010 862 4060 locis
903 4023 1200 4071 cognoscas
1238 4010 1381 4067 licet,
1415 4013 1474 4058 ut
1502 4009 1575 4058 ad
1602 4008 1735 4071 Am,
1760 4011 1808 4069 7,
1847 4009 1923 4070 18,
1955 4010 2010 4068 35
2038 4010 2083 4068 8,
2115 4009 2161 4068 4,
2209 4007 2326 4067 1·2;
2360 4006 2407 4068 8,
2434 4007 2490 4064 5,

345 4083 674 4142 1;8,10;9,
708 4085 784 4142 12,
815 4084 871 4142 2;
898 4084 976 4144 13,
1002 4084 1048 4143 2,
1080 4085 1126 4131 3.

409 4154 454 4202 8.
487 4153 546 4203 In
582 4152 684 4202 cic.
715 4153 841 4211 vita,
875 4153 952 4202 48.
