3100 5042
1281 494 1609 556 -21-

357 629 502 696 suis
558 625 1026 716 adjungendO,
1079 626 1348 696 doctam
1393 634 1461 696 et
1507 629 1983 718 philosophiae
2021 631 2306 720 peritam
2353 631 2522 700 adeo

353 743 602 828 effecit,
657 748 732 809 ut
773 743 1162 811 nesciamus
1215 763 1304 810 an
1365 745 1772 816 tenerrimae
1820 751 2000 814 certe
2058 752 2126 814 et
2180 745 2523 814 imbecillo

355 879 636 947 corpore
675 857 1008 926 laboranti
1041 857 1336 926 feminae
1365 859 1704 928 severiore
1734 861 1938 949 paulo
1960 867 2028 929 et
2056 863 2263 929 nimis
2292 863 2526 950 exqui-

356 974 484 1042 sita
525 975 790 1042 ratione
830 974 1187 1063 ingenium
1230 973 1703 1043 informaverit
1731 977 1784 1061 ¹3
1832 976 2043 1044 immo
2078 977 2207 1066 ipsi
2251 977 2336 1046 de
2375 980 2525 1065 ejus

355 1095 575 1157 morte
620 1109 762 1156 non
811 1091 942 1156 nisi
988 1089 1466 1178 philosophiae
1523 1090 1890 1179 scriptione
1918 1094 1939 1126 ²
1989 1111 2139 1162 sese
2188 1094 2523 1162 consolari

351 1201 631 1290 placuit.
677 1203 976 1270 Marcum
1037 1209 1267 1271 autem
1321 1203 1738 1288 Ciceronem,
1782 1206 1909 1272 etsi
1943 1207 2176 1273 minus
2213 1205 2518 1294 ingenio,

351 1319 630 1402 virtute,
690 1317 1138 1402 humanitate,
1194 1321 1498 1409 pietate³
1566 1321 2007 1403 eminentem,
2071 1321 2523 1388 nihilominus

351 1433 732 1523 producere
782 1441 853 1502 et
903 1455 1108 1523 quam
1165 1435 1638 1504 doctissimum
1698 1434 1985 1505 reddere
2040 1444 2327 1505 conatus
2386 1445 2517 1524 est,

348 1569 464 1634 ne,
512 1570 668 1617 cum
730 1570 1052 1638 magnam
1101 1552 1681 1640 exspectationem
1728 1552 2095 1621 imitandae
2136 1553 2518 1622 industriae

349 1670 697 1754 paternae,
737 1686 1060 1755 magnam
1105 1667 1476 1751 honorum,
1520 1687 1839 1755 magnam
1890 1689 2164 1758 quoque
2210 1670 2518 1738 nominis

350 1781 721 1850 sustineret
747 1782 794 1863 ⁴,
836 1781 981 1870 ipse
1044 1782 1171 1849 sibi
1231 1782 1474 1850 deesse
1527 1782 1899 1868 videretur,
1962 1804 2137 1854 neve
2194 1785 2292 1851 illi
2343 1786 2519 1854 foret

253 1966 260 1974 ,
347 1898 650 1984 parentis
679 1897 910 1984 gloria
964 1897 1416 1981 abutendum,
1468 1903 1542 1966 ut
1578 1898 1878 1968 honores
1924 1905 2169 1992 posset„
2204 1899 2512 1990 adipisci.

351 2012 676 2100 Dionysio
732 2013 937 2099 igitur
992 2014 1290 2080 Marcum
1355 2011 1653 2095 tradidit,
1719 2015 2013 2082 litterato
2070 2035 2293 2097 servo,
2350 2037 2511 2105 quc,

349 2128 661 2214 quamvis
718 2127 1022 2195 furenter
1069 2127 1436 2215 aliquando
1491 2129 1918 2214 irasceretur,
1963 2150 2090 2198 nec
2136 2130 2513 2199 doctiorem

345 2262 796 2331 quemquam,
860 2261 986 2310 nec
1039 2243 1476 2328 sanctiorem,
1549 2264 1677 2312 nec
1742 2243 2005 2312 domini
2062 2245 2514 2313 amantiorem

343 2356 490 2425 fieri
542 2377 744 2446 posse
801 2357 1292 2446 opinabatur⁵;
1340 2359 1645 2427 Athenas
1694 2359 1891 2426 illum
1942 2360 2151 2442 misit,
2202 2361 2316 2448 qui
2362 2360 2510 2427 Cra-

342 2473 565 2561 tipp0,
625 2474 914 2561 principi
979 2473 1164 2542 illius
1221 2475 1460 2541 aetatis
1517 2474 2086 2563 philosophorum
2152 2474 2511 2563 eidemque

341 2588 553 2675 patris
584 2587 894 2655 familiari
934 2609 1212 2676 operam
1254 2588 1477 2675 daret3
1521 2590 1941 2678 Athenisque
1981 2610 2053 2659 se
2087 2590 2174 2658 ad
2204 2591 2508 2659 studium

341 2703 621 2788 segnius
665 2703 1040 2772 conferenti
1087 2712 1234 2772 tum
1287 2705 1734 2774 vehementer
1793 2706 2122 2776 suadebat
2169 2714 2244 2774 ut
2291 2706 2509 2776 nebu-

339 2817 538 2886 lones
595 2817 934 2906 quosdam
984 2819 1458 2889 adulescentes
1505 2841 1544 2888 a
1592 2841 1665 2889 se
1705 2821 2097 2904 dimitteret,
2146 2827 2294 2889 tum
2325 2828 2507 2889 recte

335 2932 667 3022 loquendi
723 2953 921 3022 asper
985 2942 1258 3003 exactor
1309 2936 1790 3025 neglegentem
1832 2956 2223 3004 sermonem
2271 2956 2507 3025 repre-

337 3047 746 3132 hendebat⁶,
790 3056 962 3132 tum,
1001 3050 1057 3118 si
1095 3049 1378 3118 facultas
1416 3050 1785 3138 aliquando
1818 3049 2126 3136 dabatur,
2170 3050 2353 3139 quod
2384 3051 2502 3118 lit-

334 3172 514 3232 teras
542 3184 709 3232 sane
737 3167 1171 3257 πεπινωμὲνας
1200 3166 1581 3254 scripsisset
1608 3165 2137 3255 gratulabatur⁷3
2172 3165 2495 3256 denique,

335 3279 523 3347 libris
580 3280 726 3367 ipse
783 3280 926 3347 suis
973 3280 1430 3362 erudiendum
1478 3283 1778 3350 Marcum
1823 3283 2082 3352 curavit
2124 3305 2139 3350 :
2192 3283 2373 3370 quod
2412 3285 2499 3352 ad

395 3514 439 3559 1.
469 3512 590 3561 vid.
624 3512 877 3575 Boissier,
909 3513 1016 3564 Cic.
1041 3517 1088 3562 et
1117 3529 1196 3564 ses
1229 3515 1383 3576 amia,
1409 3529 1461 3578 p.
1491 3517 1605 3565 109.

391 3585 438 3632 2.
469 3582 883 3633 Con-solationem
912 3587 1027 3634 tum
1060 3585 1294 3650 scripsit,
1326 3586 1392 3635 de
1427 3599 1532 3648 qua
1562 3600 1829 3652 perpauca
1866 3591 2172 3651 supersunt.

389 3655 437 3701 3.
467 3653 562 3702 His
586 3655 766 3704 verbis
793 3654 1021 3704 Tulliam
1052 3656 1108 3704 in
1134 3657 1290 3719 epist.
1325 3657 1398 3706 ad
1420 3657 1549 3718 Alc„
1580 3661 1651 3716 11,
1689 3661 1764 3720 17,
1799 3660 1843 3719 1,
1872 3658 1940 3707 M.
1977 3659 2184 3708 Tullius
2224 3658 2493 3720 designat.
2529 3669 2532 3674 ¹

391 3725 436 3772 4.
465 3724 541 3772 De
565 3725 681 3788 off„
710 3725 756 3786 3,
789 3728 833 3787 2,
867 3729 980 3775 6.-·-
1578 3765 1617 3775 ‚-

392 3797 438 3843 5.
469 3794 552 3842 Ad
577 3795 709 3856 Ata,
736 3798 781 3856 6,
810 3798 856 3858 1,
886 3799 964 3846 12.

389 3868 436 3913 6.
469 3865 714 3928 Quintil„
748 3868 820 3916 De
850 3868 1015 3917 instit.
1043 3873 1203 3931 orat„
1241 3873 1286 3931 1,
1316 3873 1363 3928 7,
1395 3872 1475 3920 34.

389 3937 437 3984 7.
472 3935 557 3984 Ad
573 3937 707 3996 Att„
738 3939 814 3998 14,
841 3939 953 3998 7,2.
977 3942 1052 3989 De
1081 3941 1256 3991 Marco
1290 3942 1402 3991 filio
1430 3943 1657 3993 Athenis
1686 3944 2065 4006 peregrinante
2084 3944 2283 4004 passim
2308 3945 2493 3993 confer

328 4021 378 4056 a.
408 4007 501 4056 ‘109
531 4011 585 4058 et
607 4008 698 4057 710
724 4009 794 4059 ad
823 4009 1059 4060 Atticum
1091 4013 1318 4075 scriptas
1350 4014 1610 4078 epistulas
1643 4031 1657 4065 ε
1689 4017 1765 4075 14,
1800 4018 1875 4075 11,
1905 4019 1962 4075 2;
1994 4016 2071 4077 14,
2106 4017 2183 4075 13,
2212 4016 2266 4074 4;
2302 4016 2381 4074 14,
2413 4017 2489 4078 16,

325 4079 384 4139 3;
417 4080 494 4138 14,
526 4081 602 4140 17,
625 4081 680 4140 ὃς
715 4083 788 4138 15,
825 4083 931 4142 16“;
965 4085 1136 4144 15,1”Ι,
1168 4085 1225 4145 23
1247 4085 1315 4133 al.
1338 4085 1488 4134 -Cs.
1515 4087 1705 4149 Epist„
1737 4088 1813 4146 12,
1838 4088 1913 4144 16,
1942 4089 2025 4136 1-2
2051 4087 2276 4150 (litteras
2304 4101 2335 4136 a
2364 4087 2490 4137 Tre-

327 4149 493 4200 bonio
522 4150 788 4215 scriptas).
