3100 5042
1607 528 1925 592 ...60-

689 664 975 735 modum
1024 684 1296 734 summa
1348 685 1505 732 cum
1557 683 1721 732 cura
1774 665 2117 732 Romanos
2155 663 2459 732 illustres
2503 683 2721 752 aeque
2764 684 2843 732 ac

689 783 980 851 Graecos
1011 778 1588 876 commemorabat
1615 779 1729 847 vel
1757 779 1988 867 potius
2015 778 2288 847 Graecis
2315 777 2776 867 anteponebat
2796 782 2839 862 ¹,

690 899 782 967 ita
812 898 1158 966 Romanos
1186 901 1444 984 poetaS,
1472 893 1558 962 de
1588 893 1839 982 quibus
1867 899 2072 962 antea
2103 891 2268 982 quid
2299 894 2528 962 Cicero
2559 894 2846 962 sentiret

689 1012 1219 1103 disputavimuS,
1243 1009 1516 1098 saepius
1537 1015 1607 1077 et
1631 1009 1959 1077 libentius
1980 1028 2186 1097 quam
2207 1008 2497 1077 Graecos
2517 1007 2842 1077 laudabat

689 1127 1212 1219 proferebatque
1241 1127 1287 1208 ¹¹,
1334 1144 1460 1193 nec
1493 1124 1769 1192 illorum
1804 1124 1974 1192 dura
2019 1124 2462 1212 obsoletaque
2501 1124 2843 1212 composi-

690 1246 877 1312 tione
906 1241 1399 1310 deterrebatur.

783 1358 975 1426 Tanti
1006 1362 1234 1425 autem
1276 1375 1435 1445 erga
1470 1355 1759 1443 patriam
1787 1354 2042 1422 amoris
2071 1354 2366 1444 pretium
2399 1355 2625 1423 statim
2658 1355 2840 1422 tulit.

691 1474 1114 1560 Quamquam
1166 1471 1352 1540 enim
1397 1471 1599 1538 Ennii
1645 1469 1965 1558 Acciique
2004 1489 2270 1553 versuS,
2323 1468 2490 1536 dum
2540 1470 2846 1537 carmina

692 1587 952 1669 condit,
999 1586 1415 1669 imitabatur,
1452 1587 1669 1676 ipsius
1707 1591 1938 1654 tamen
1976 1586 2050 1652 in
2090 1584 2506 1653 carminibus
2543 1585 2845 1655 flexibile

693 1703 911 1791 magis
951 1708 1020 1770 et
1062 1703 1478 1771 concinnum
1525 1701 1754 1769 nescio
1796 1700 1961 1788 quid
1999 1720 2151 1769 esse
2189 1701 2498 1789 apparuit
2525 1703 2581 1786 ³3
2621 1701 2847 1769 soluta

692 1827 921 1886 autem
953 1818 1166 1886 oratio
1198 1822 1453 1905 quanto
1491 1817 1874 1904 priscorum
1919 1822 2274 1905 poetarum
2310 1814 2619 1885 versibus
2654 1822 2848 1884 ante-

692 1933 992 2015 celleret,
1043 1938 1111 1999 et
1157 1951 1362 2019 quam
1424 1950 1636 2019 prope
1693 1929 1779 1997 ad
1835 1950 2157 2018 graecum
2206 1949 2621 2010 sermonem,
2682 1950 2844 1997 cum

691 2047 883 2115 latini
923 2054 1153 2113 tamen
1196 2053 1497 2114 servaret
1542 2046 1884 2113 sermonis
1933 2046 2243 2130 virtuteS‚
2277 2043 2650 2131 accederet,
2686 2046 2842 2133 quis

632 2167 636 2172 ’
693 2181 833 2229 non
855 2161 1258 2228 miraretur?
1274 2161 1443 2227 Cum
1470 2160 1658 2228 enim
1682 2167 1956 2249 cuperet
1975 2160 2063 2226 M.
2090 2160 2350 2228 Tullius
2369 2160 2628 2248 graecis
2645 2179 2843 2229 voca-

692 2275 898 2355 bulis,
926 2274 1176 2364 quibus
1205 2275 1352 2363 ipse
1382 2275 1451 2341 in
1492 2275 1804 2364 epistulis
1844 2275 2243 2364 saepissime
2282 2276 2619 2358 utebatur,
2653 2277 2842 2345 cives

693 2411 856 2460 suos
904 2411 1046 2459 non
1090 2409 1315 2478 egere,
1362 2392 1593 2458 omnia
1640 2391 1872 2472 latine,
1919 2410 2075 2458 cum
2117 2390 2329 2459 libros
2369 2399 2836 2479 componeret,

692 2509 1070 2596 exprimere
1112 2505 1432 2588 decrevit,
1477 2527 1608 2574 nec
1653 2507 1810 2595 plus
1859 2526 2099 2595 graece
2150 2507 2223 2572 in
2265 2506 2477 2574 latino
2519 2526 2838 2575 sermone
2943 2509 2952 2516 ’

692 2642 901 2709 quam
921 2622 991 2687 in
1022 2641 1263 2709 graeco
1295 2621 1505 2689 latine
1534 2621 1723 2708 loqui
1747 2622 1794 2705 ⁴,
1830 2621 2308 2709 sermonisque
2337 2621 2528 2689 latini
2548 2641 2840 2711 pauper-

693 2745 925 2821 tatem,
970 2737 1181 2803 immo
1220 2742 1591 2824 egestatem
1632 2736 2065 2805 submovere.
2103 2736 2322 2819 Quod,
2359 2738 2674 2825 quamvis
2713 2735 2844 2804 dif-

693 2852 871 2922 ficile
903 2851 1105 2933 factu,
1145 2857 1217 2918 ut
1244 2843 1565 2932 efficeret,
1591 2872 1632 2919 a
1680 2852 2028 2921 veteribus
2073 2851 2352 2941 quidem
2398 2853 2840 2941 scriptoribus

694 2966 1056 3057 quaedam,
1094 2986 1237 3034 non
1266 2966 1481 3033 nimio
1512 2973 1741 3034 tamen
1775 2966 2028 3050 studio,
2055 2971 2406 3035 mutuatus
2434 2971 2539 3035 est
2561 2968 2615 3052 ⁸3
2641 2966 2836 3056 plura

757 3240 802 3287 1.
837 3240 981 3288 Tusc.
1013 3239 1171 3303 disp„
1202 3242 1248 3300 1,
1278 3241 1357 3300 30,
1391 3240 1560 3299 743de
1588 3239 1820 3302 Amicit„
1842 3241 1892 3300 2,
1913 3240 2046 3288 6-10.
2080 3242 2138 3289 In
2165 3239 2229 3289 cle
2247 3239 2385 3301 Div„
2416 3241 2463 3301 1,
2489 3240 2568 3300 26,
2603 3238 2676 3295 55,
2702 3238 2842 3299 post-

695 3322 854 3371 quam
891 3310 950 3368 Q.
984 3309 1168 3359 Tullus
1210 3311 1380 3359 multa
1417 3324 1482 3359 ex
1521 3309 1810 3360 annalibus
1845 3311 2174 3361 Graecorum
2214 3313 2464 3372 excerpta
2503 3321 2832 3358 commemo·

696 3380 853 3439 ravit,
879 3379 1012 3428 haec
1040 3379 1190 3429 addit
1222 3396 1235 3428 τ
1272 3399 1297 3424 ιι
1326 3379 1429 3430 Sed
1475 3380 1608 3443 quid
1649 3394 1749 3442 ego
1792 3380 2154 3431 Graecorum?
2183 3380 2376 3431 Nescio
2405 3393 2513 3443 quo
2548 3378 2712 3428 modo
2759 3391 2844 3428 me

696 3449 868 3510 magis
911 3454 1095 3499 nostra
1137 3449 1407 3501 delectant
1441 3473 1487 3499 ».
1529 3450 1849 3514 Marcusque
1889 3465 2126 3515 rursum,
2169 3455 2215 3512 2,
2251 3455 2298 3513 3,
2329 3453 2354 3500 8
2406 3467 2419 3499 ε
2451 3469 2476 3496 α
2505 3450 2683 3500 Stoice
2713 3449 2842 3500 stoi-

696 3532 879 3569 corum
923 3520 1244 3570 sententiam
1287 3521 1597 3581 defendisti,
1633 3523 1887 3586 quodque
1922 3536 2008 3572 me
2047 3519 2566 3582 maximedelec'tat,
2595 3520 2844 3584 plurimis

695 3591 899 3640 nostris
929 3591 1188 3653 exemplis
1215 3605 1349 3641 usus
1379 3604 1456 3653 ee,
1487 3595 1542 3642 et
1568 3591 1634 3640 iis
1661 3593 1886 3656 quidem
1921 3592 2077 3643 claris
2111 3596 2166 3644 et
2191 3593 2508 3643 illustribus.
2541 3613 2562 3633 ι-

756 3663 803 3710 2.
832 3661 976 3721 Quos
1001 3662 1342 3724 potissimum
1370 3662 1686 3712 Latinorum
1714 3667 1993 3725 poetarum
2032 3665 2181 3714 locos
2218 3663 2374 3714 libris
2403 3663 2518 3714 suis
2554 3661 2844 3712 inseruerit

697 3732 766 3783 M.
796 3732 1016 3792 Tulliae,
1049 3733 1173 3783 vide
1203 3734 1346 3796 apud
1381 3734 1578 3796 Kubik,
1610 3749 1663 3796 p.
1695 3735 1916 3784 346-347.

758 3806 805 3853 3.
836 3803 1087 3864 Boissier,
1113 3803 1307 3862 Attius,
1334 3818 1383 3868 p.
1416 3806 1473 3866 93
1503 3804 1678 3865 patin,
1707 3796 1793 3855 Εἰ.
1823 3820 1916 3855 sur
1938 3805 1991 3856 la
2009 3807 2184 3869 poesie
2210 3805 2328 3866 lat„
2354 3805 2460 3855 vol.
2486 3804 2526 3866 1,
2557 3818 2608 3868 p.
2640 3803 2721 3852 ΤΘ.

756 3877 804 3923 4.
841 3874 983 3923 Tusc.
1016 3874 1171 3937 disp„
1210 3877 1256 3935 1,
1288 3877 1333 3933 8,
1368 3877 1452 3937 153
1478 3874 1543 3924 de
1572 3876 1642 3924 Re
1666 3875 1835 3940 publ„
1869 3879 1914 3938 1,
1950 3878 2030 3938 42,
2061 3878 2139 3926 65.

759 3947 805 3995 5.
837 3945 935 4016 Sic·
968 3945 1023 3994 in
1070 3945 1284 4008 Timan,
1334 3947 1412 4008 11,
1454 3947 1532 4006 39,
1577 3950 1756 3997 vetere
1793 3950 1978 4009 verbo,
2027 3967 2052 3994 κ
2095 3947 2346 4010 prosapia
2383 3965 2410 3991 ι»
2450 3947 2638 3996 utitur.
2676 3972 2739 3981 —
2765 3943 2842 3992 Cf.

694 4015 889 4075 Kubik,
916 4029 966 4076 p.
998 4017 1117 4078 3453
1140 4015 1307 4073 Petin,
1339 4015 1379 4075 Ι,
1410 4019 1521 4078 33Ἲ,
1542 4021 1598 4066 et
1621 4019 1939 4080 opusculum
1972 4021 2074 4069 hoc
2103 4019 2249 4081 quod
2273 4018 2327 4067 in
2359 4017 2525 4066 Revue
2542 4015 2633 4066 des
2652 4015 2846 4064 Revues

694 4087 746 4134 et
758 4084 1117 4147 publications
1144 4085 1505 4150 d'academies,
1537 4102 1586 4137 a.
1621 4090 1760 4149 1885,
1786 4103 1839 4151 p.
1871 4092 1948 4151 10,
1979 4090 2257 4140 laudatum
2291 4089 2626 4140 invenimus:
2650 4085 2842 4136 Sohae-

696 4155 813 4216 fler,
844 4157 1057 4207 ciceron
1080 4159 1133 4207 et
1158 4157 1453 4208 l’Ancienne
1482 4158 1721 4210 Comedie
1747 4161 1996 4210 romaine.
