3100 5042
1537 485 1861 549 ..26-

625 623 1032 693 stomachari
1089 621 1275 713 quod
1339 641 1438 704 se,
1509 620 1827 710 quamvis
1882 621 2159 711 optimis
2225 620 2472 690 studiis
2536 622 2783 690 acriter

625 741 961 825 deditum,
1003 738 1296 808 labantis
1337 742 1456 806 aut
1491 739 1777 806 omnino
1814 757 2095 806 eversae
2142 737 2240 806 rei
2276 736 2595 826 publicae
2637 757 2779 805 non

627 855 930 926 oblivisci
966 855 1134 922 locis
1161 852 1547 922 innumeris
1576 852 2101 941 significaverit?
2142 853 2320 920 Haec
2361 851 2589 941 potius
2618 871 2781 919 con-

626 974 1032 1053 sideremus,
1069 971 1318 1060 plusne
1354 970 1663 1037 animum
1704 970 2051 1038 Ciceronis
2086 969 2260 1037 illud
2304 972 2777 1054 commoverit,

627 1088 814 1179 quod
843 1109 883 1156 a
920 1107 994 1156 re
1031 1085 1303 1176 publica
1341 1086 1869 1173 exclusus-erat,
1913 1106 2002 1154 an
2051 1084 2237 1174 quod
2273 1085 2361 1154 ad
2396 1086 2781 1154 litterarum

628 1204 854 1273 studia
914 1222 988 1272 se
1035 1202 1435 1285 contulerat,
1493 1207 1563 1270 et
1608 1201 2029 1289 majoremne
2076 1202 2176 1269 illi
2227 1200 2537 1271 dolorem
2592 1203 2784 1270 irrita

627 1320 972 1388 honorum
1024 1317 1360 1407 cupiditas
1417 1338 1504 1385 an
1566 1317 2101 1388 consolationem
2156 1317 2550 1407 expeditum
2597 1318 2783 1387 litte-

629 1455 858 1504 rarum
887 1434 1192 1503 studium
1231 1433 1549 1502 attulerit.

719 1550 1115 1619 Ciceronem
1157 1542 1413 1634 autem,
1447 1556 1522 1618 ut
1558 1549 1643 1618 ab
1681 1548 2063 1618 honoribus
2100 1548 2538 1638 capessendis
2575 1553 2787 1617 retar-

631 1666 868 1735 datum
915 1665 1003 1734 ad
1046 1664 1432 1756 diligendas
1470 1665 1731 1733 litteras
1784 1665 1915 1733 cito
1954 1665 2348 1752 confugere,
2396 1664 2490 1732 ita
2526 1665 2787 1733 littera-

631 1802 786 1851 rum
851 1801 1082 1849 amore
1143 1800 1284 1848 non
1341 1775 1659 1868 impediri
1726 1780 1891 1867 quin
1951 1778 2253 1848 honores
2307 1777 2647 1848 desideret
2713 1787 2783 1848 et

631 1902 905 1986 exoptet
934 1897 1130 1964 multi
1159 1895 1608 1985 epistularum
1638 1895 1769 1963 loci
1800 1899 2155 1962 testantur.
2192 1895 2326 1962 Cur
2364 1896 2574 1977 enim,
2613 1893 2783 1961 dum

631 2019 1019 2101 praeturam
1061 2012 1250 2102 petit,
1304 2010 1707 2080 candidatus
1744 2011 1864 2079 ille
1908 2011 2245 2078 exclamat
2291 2032 2308 2078 ε
2356 2036 2389 2072 «
2432 2031 2783 2079 summum

633 2147 743 2196 me
777 2127 1117 2195 librorum
1147 2124 1450 2194 studium
1490 2131 1701 2211 tenet,
1736 2126 1912 2195 sicut
1947 2125 2184 2195 odium
2222 2126 2363 2216 jam
2407 2132 2782 2195 ceterarum

633 2246 903 2313 rerum?
956 2269 988 2306 »
1045 2242 1112 2310 Si
1170 2262 1343 2331 quae
1395 2248 1779 2332 sequuntur
1834 2243 2103 2332 legeris,
2161 2262 2304 2311 non
2360 2241 2707 2332 ignorabis
2764 2263 2781 2309 ε

637 2388 669 2425 «
710 2372 986 2448 ...·quas
1016 2365 1113 2442 tu,
1140 2358 1534 2428 incredibile
1565 2366 1691 2441 est,
1726 2360 1971 2447 inquit,
2008 2379 2213 2447 quam
2254 2356 2446 2427 brevi
2476 2365 2781 2448 tempore

634 2481 890 2566 quanto
953 2475 1328 2544 deteriores
1385 2475 1775 2544 offensurus
1830 2475 1950 2559 sis,
2012 2494 2220 2563 quam
2282 2473 2651 2563 reliquisti¹
2706 2497 2792 2560 »3-

637 2592 889 2661 scilicet
930 2598 1216 2661 vexatus
1253 2599 1397 2660 erat
1437 2590 1861 2659 candidatus.
1910 2592 2043 2658 Cur
2090 2597 2325 2680 postea
2362 2590 2449 2658 ad
2487 2589 2785 2658 Atticum

637 2709 834 2777 attice
883 2708 1117 2776 scribit
1157 2707 1262 2776 Vir
1299 2707 1680 2776 consularis
1721 2733 1737 2777 ε
1778 2734 1811 2770 «
1854 2704 2331 2800 φιλοσοφητέον,
2373 2705 2443 2773 id
2484 2704 2670 2794 quod
2706 2712 2779 2773 tu

636 2823 823 2906 faciS,
868 2829 936 2892 et
980 2824 1149 2892 istos
1191 2822 1589 2892 consulatus
1626 2843 1768 2891 non
1804 2822 1997 2890 flocci
2034 2822 2300 2891 facteon
2330 2820 2393 2890 ⁸?
2434 2849 2465 2884 »
2513 2821 2786 2889 Scilicet

640 2939 915 3008 Clodius
945 2939 1184 3008 incesti
1210 2939 1495 3007 crimine
1524 2945 1879 3006 accusatus
1908 2939 2191 3028 turpiter
2219 2937 2577 3006 absolutus
2606 2957 2720 3006 era
2732 2943 2782 3004 t.

639 3057 774 3124 Cur
818 3055 1139 3144 denique,
1188 3053 1457 3122 duobus
1500 3060 1656 3144 post
1693 3055 1916 3136 anniS,
1963 3081 1997 3115 «
2046 3075 2205 3122 cum
2254 3055 2496 3138 Musis;
2531 3051 2784 3139 inquit,

641 3193 770 3241 nos
809 3171 1296 3241 delectabimus
1334 3191 1550 3259 aequo
1593 3171 1849 3253 anim0,
1891 3171 2104 3238 immo
2152 3189 2315 3238 vero
2355 3166 2790 3258 gaudentiae

641 3287 881 3355 libenti
918 3286 982 3356 ³?
1017 3314 1049 3349 »
1091 3287 1355 3355 Scilicet
1385 3286 1696 3354 Clodium
1737 3286 2002 3355 Caesari
2044 3286 2312 3375 placere
2348 3289 2682 3364 senserat,
2723 3288 2793 3352 et

641 3402 812 3493 ipse,
847 3403 1091 3471 invisis
1120 3402 1382 3471 civibus
1411 3402 1905 3491 gubernatione
1942 3402 2301 3491 permissa,
2330 3407 2603 3470 coactus
2645 3404 2787 3468 erat

646 3519 824 3587 exire
863 3518 948 3587 de
997 3518 1181 3602 navi,
1225 3539 1365 3586 non
1413 3519 1720 3607 abjectiS,
1764 3516 1887 3588 sed
1927 3518 2177 3606 ereptis
2223 3515 2704 3607 gubernaculis
2738 3515 2785 3582 ⁴.

713 3719 756 3765 1.
784 3714 870 3764 Ad
895 3714 1026 3772 Att„
1069 3715 1218 3775 1,11,
1249 3717 1304 3774 3;
1335 3727 1384 3762 a.
1411 3714 1525 3762 687.

710 3788 756 3834 2.
783 3784 868 3835 Ad
896 3785 1027 3846 Διὰ,
1061 3786 1103 3841 1,
1134 3785 1208 3845 16,
1241 3785 1332 3844 13;
1359 3797 1406 3833 a.
1435 3785 1543 3832 693.

710 3859 757 3905 3.
785 3856 870 3904 Ad
891 3856 1024 3915 Aa„
1046 3856 1094 3915 2,
1120 3857 1168 3917 4,
1198 3857 1254 3914 2;
1279 3868 1328 3904 a.
1361 3857 1472 3904 695.

711 3928 756 3974 4.
789 3925 872 3973 Ad
899 3925 1033 3984 Att„
1064 3926 1109 3987 2,
1147 3927 1192 3985 7,
1225 3927 1274 3973 4.
1312 3951 1376 3960 -
1409 3925 1486 3974 Cf.
1522 3937 1659 3989 quae
1698 3923 1889 3974 eodem
1934 3926 2176 3986 tempore
2214 3923 2559 3974 stomachosa
2586 3921 2799 3985 scripsit

648 3996 848 4058 Cicero,
879 4010 1001 4046 eum
1035 4009 1200 4058 prope
1237 3995 1458 4045 Antium
1499 3996 1855 4046 rusticaretur
1885 4010 1898 4043 ε
1936 4014 1961 4040 ι(
1991 3995 2108 4058 Hic,
2142 3994 2233 4044 hic
2270 3994 2525 4045 nimirum
2568 3999 2792 4047 πολιτευ-

647 4069 786 4129 τέον;
831 4082 953 4118 nam
983 4067 1103 4117 istic
1136 4067 1379 4130 (Romam
1409 4066 1743 4132 significans)
1784 4080 1895 4117 non
1943 4067 2119 4116 solum
2165 4078 2275 4116 non
2319 4066 2461 4129 licet,
2488 4067 2584 4116 sed
2633 4067 2797 4116 etiam
2908 4123 2914 4129 ,

649 4140 830 4192 taedet
863 4159 888 4184 v>
911 4137 1006 4203 (ad
1031 4139 1162 4200 Aa„
1192 4141 1240 4200 2,
1273 4141 1319 4200 6,
1345 4139 1413 4201 2).
