3100 5042
1523 437 1850 500 -42-

602 571 840 658 visset,
859 572 973 640 vel
994 571 1179 660 quod
1203 570 1545 640 interdum
1572 592 1657 640 ex
1678 579 2007 662 tempore,
2029 570 2374 640 interdum
2395 577 2757 662 postquam

604 693 913 756 accurate
953 688 1380 776 cogitateque
1417 687 1824 776 scripsisset,
1863 688 2161 778 optimos
2197 687 2452 756 diceret
2487 707 2752 773 versuS‚

603 805 714 872 vel
743 802 930 892 quod
953 823 1095 872 non
1127 803 1538 872 fortissimos
1558 802 1768 871 modo
1796 804 2001 884 viros,
2026 823 2269 871 verum
2290 804 2494 871 etiam
2522 805 2757 892 populi

604 920 890 987 Romani
947 939 1204 987 nomen
1255 920 1399 988 suis
1439 918 1632 986 libris
1680 919 2086 1005 illustraret3
2117 939 2238 986 cur
2285 915 2476 1002 vero,
2511 920 2753 986 iterum

604 1057 682 1104 ac
720 1037 992 1125 saepius
1037 1036 1121 1104 de
1161 1056 1234 1104 se
1275 1038 1597 1126 loquens,
1629 1036 2043 1104 narravisset
2080 1036 2245 1125 quid
2284 1036 2429 1123 ipse
2471 1035 2756 1105 Archiae

603 1151 999 1240 artibusque
1029 1152 1302 1240 optimis
1328 1150 1631 1237 deberet,
1652 1150 1999 1240 quomodo
2020 1151 2301 1219 Archias
2324 1151 2755 1219 consulatum

603 1267 796 1334 illum
849 1288 1051 1335 suurn
1091 1267 1425 1354 attigisset
1474 1267 1791 1335 versibus
1841 1273 2045 1355 atque
2090 1265 2576 1349 inchoavisset‚
2626 1287 2759 1355 qua

601 1385 822 1452 famae
877 1391 944 1452 et
1000 1384 1522 1452 immortalitatis
1587 1404 1707 1472 spe
1762 1387 2184 1452 sustentatus
2241 1383 2387 1471 ipse
2442 1384 2515 1450 in
2575 1384 2755 1451 vitae

604 1500 922 1590 periculis
979 1498 1458 1588 laboribusque
1518 1505 1832 1570 versatus
1888 1504 2118 1569 esset?
2172 1500 2433 1588 Nempe
2486 1497 2757 1588 judices

602 1636 1006 1706 persuasum
1055 1615 1347 1684 habebat
1395 1615 1722 1705 quicquid
1765 1614 1852 1683 ad
1896 1635 1971 1684 se
2018 1615 2473 1684 clarissimum
2514 1635 2757 1684 consu-

605 1734 816 1802 larem
837 1739 1040 1822 atque
1059 1738 1411 1821 parentem
1435 1734 1691 1822 patriae
1712 1733 2029 1801 attineret
2044 1730 2349 1800 studiose
2372 1731 2750 1800 audituros,

691 1851 876 1928 Quae
937 1871 1092 1918 cum
1162 1851 1255 1918 ita
1327 1855 1589 1930 essent,
1661 1869 1863 1939 quam
1925 1868 2106 1918 novo
2174 1855 2376 1936 atque
2432 1849 2753 1917 inusitato

603 1964 876 2033 dicendi
915 1984 1165 2052 genere
1215 1965 1446 2032 Cicero
1494 1985 1663 2033 usus
1702 1965 1791 2032 sit
1829 1963 2271 2034 manifestum
2322 1970 2448 2047 est,
2492 1962 2679 2052 quod
2716 1984 2755 2031 a

597 2079 942 2169 judicibus
997 2080 1066 2146 in
1124 2079 1376 2148 bonam
1435 2086 1693 2168 partem
1762 2087 2124 2168 exceptum
2189 2081 2270 2148 iri
2336 2099 2493 2146 cum
2570 2085 2748 2147 certo

603 2193 828 2276 sciret,
877 2191 1148 2281 saepius
1205 2197 1435 2259 tamen
1483 2190 1657 2259 illud
1712 2191 1859 2280 ipse
1914 2192 2288 2260 excusavit.
2345 2192 2508 2270 Quis
2563 2192 2748 2259 enim

599 2314 801 2375 antea
828 2328 1056 2375 coram
1091 2307 1346 2396 populo
1377 2306 1735 2375 confessus
1774 2311 1916 2375 erat
1944 2307 2029 2374 ab
2060 2308 2474 2396 optimarum
2506 2307 2750 2374 artium

601 2422 843 2492 studiis
881 2442 959 2491 ac
989 2422 1346 2512 disciplina
1385 2423 1657 2490 nullum
1702 2422 1938 2492 aetatis
1978 2442 2141 2491 suae
2188 2428 2461 2511 tempus
2499 2421 2747 2490 abbor-

602 2539 822 2605 ruisse
854 2540 913 2604 ’Ἰ
956 2538 1118 2619 Quis
1176 2538 1388 2606 solius
1433 2537 1866 2626 eloquentiae
1912 2538 2383 2607 aestimatores
2428 2537 2751 2605 docuerat

602 2673 842 2720 omnes
899 2659 1101 2734 arteS‚
1155 2673 1328 2741 quae
1384 2653 1469 2720 ad
1531 2653 2021 2721 humanitatem
2068 2653 2437 2742 pertinent,
2499 2651 2747 2721 habere

603 2767 947 2856 quoddam
1031 2787 1396 2836 commune
1471 2769 1829 2836 vinculum
1922 2775 1988 2837 et
2060 2769 2252 2856 quasi
2338 2769 2743 2856 cognatione

599 2881 896 2971 quadarn
945 2884 1120 2951 inter
1173 2903 1245 2952 se
1294 2882 1627 2951 contineri
1656 2885 1717 2948 ²?
1762 2883 1925 2960 Quis
1974 2883 2309 2951 ferocibus
2368 2884 2749 2971 priscorum

600 3000 1108 3089 agrestiumque
1163 3020 1430 3066 morum
1476 2996 1944 3066 laudatoribus
1988 2997 2376 3066 ostenderat
2428 2998 2748 3066 illustris-

600 3115 814 3184 simos
851 3117 1104 3185 Romae
1137 3114 1400 3204 jamdiu
1440 3115 1623 3184 cives
1670 3114 1906 3197 fuisse,
1951 3119 2017 3182 et
2054 3120 2295 3181 natura
2332 3120 2399 3182 et
2439 3113 2749 3181 doctrina

601 3232 806 3300 simul
836 3233 1124 3301 eximios
1153 3235 1216 3297 ³?
1246 3232 1411 3309 Quis
1439 3230 1739 3319 denique
1779 3229 1957 3298 docti
2002 3231 2120 3297 otii
2160 3229 2747 3317 contemptoribus

598 3347 1081 3434 explanaverat
1117 3347 1304 3434 poesi
1338 3345 1619 3434 quidem
1659 3352 1727 3414 et
1766 3344 1915 3412 aliis
1952 3344 2209 3412 artibus
2240 3365 2379 3411 non
2408 3343 2751 3412 liberalis-

599 3462 841 3529 simam
875 3460 1080 3528 modo
1111 3460 1657 3545 delectationem,
1692 3460 1813 3528 sed
1844 3460 2047 3528 etiam
2081 3461 2329 3528 mentis
2367 3460 2549 3528 vires
2589 3480 2750 3547 sup·

597 3575 906 3665 peditari‚
939 3577 1264 3665 virtutem
1293 3576 1381 3642 ali
1412 3581 1614 3664 atque
1647 3575 1880 3664 augeri
1908 3575 1973 3642 ⁴?

686 3692 909 3780 Magni
982 3691 1188 3780 igitur
1253 3692 1432 3760 hanc
1501 3691 1881 3760 orationem
1944 3692 2411 3774 aestimemuS,
2482 3709 2751 3758 summa

659 3871 853 3930 1.1,1.

659 3943 704 3990 2.
740 3943 785 4002 1,
807 3943 852 3989 2.

656 4015 703 4061 3.
739 4014 786 4072 7,
820 4013 982 4062 15-16.
1023 4011 1182 4062 -cn
1216 4013 1291 4073 11,
1329 4012 1408 4060 27.

656 4085 702 4132 1.
735 4085 965 4145 7,16;6,
998 4085 1082 4144 12;
1113 4085 1162 4145 6,
1193 4085 1270 4145 14,
1297 4083 1363 4132 a1.
