3100 5042
1577 433 1929 538 -62-'

662 608 1202 698 Academiaeque
1232 609 1802 678 consuetudinem
1835 609 1919 678 de
1952 607 2274 677 omnibus
2303 608 2508 678 rebus
2541 610 2616 676 in
2649 629 2804 678 con-

663 725 898 793 trarias
918 729 1145 814 partes
1165 723 1571 810 disserendi,
1598 723 1782 815 quod
1802 726 1888 793 sit
1906 744 1985 793 ea
2001 725 2298 793 maxima
2317 724 2587 794 dicendi
2611 745 2810 794 exer-

666 841 915 924 citatiO,
957 845 1211 910 teneat.

1699 1160 1788 1232 lv

754 1359 988 1446 Neque
1010 1363 1237 1426 tamen
1260 1360 1335 1423 ut
1352 1374 1744 1424 sermonem
1763 1353 2056 1422 latinum
2081 1353 2524 1446 locupletaret
2547 1355 2808 1442 praeci-

664 1493 797 1562 pua
826 1450 953 1539 fuit
985 1471 1289 1540 Ciceroni
1320 1490 1522 1538 causa
1551 1469 1638 1538 de
1672 1470 2009 1538 rhetorica
2039 1467 2422 1556 scribendi3
2453 1469 2576 1540 sed
2605 1490 2806 1560 prae-

664 1596 974 1677 terquam
995 1586 1179 1675 quod
1209 1586 1335 1654 hac
1362 1605 1639 1678 quoque
1668 1586 1740 1652 in
1769 1605 1843 1655 re
1871 1606 2037 1654 suos
2066 1585 2398 1654 beneficio
2429 1604 2503 1653 se
2533 1585 2810 1658 afficere

662 1724 863 1795 posse
901 1703 1198 1793 speravit
1234 1723 1375 1770 non
1414 1701 1686 1790 exiguO,
1730 1722 1893 1771 suae
1930 1700 2114 1770 laudi
2156 1707 2224 1770 et
2258 1701 2440 1790 apud
2479 1702 2804 1791 aequales

662 1826 729 1888 et
767 1819 949 1908 apud
990 1824 1301 1907 posteros
1348 1816 1736 1906 prospicere
1775 1836 2107 1906 suamque
2157 1815 2428 1886 dicendi
2469 1817 2805 1908 rationem

662 1936 835 2005 tueri
909 1942 976 2004 et
1053 1942 1288 2002 contra
1369 1934 1810 2024 gravissimos
1885 1934 2435 2003 adversariorum
2513 1935 2811 2024 impetus

666 2050 1031 2120 defendere
1068 2050 1311 2118 voluit.

752 2166 986 2253 Itaque
1015 2184 1171 2232 cum
1204 2164 1289 2232 de
1326 2169 1467 2232 arte
1496 2163 1767 2233 dicendi
1799 2165 1980 2234 male
2015 2164 2322 2246 rhetores
2356 2165 2574 2233 Latini
2605 2185 2809 2255 prae-

663 2288 857 2370 cepta
893 2277 1235 2348 traderent
1268 2285 1317 2366 ¹,
1349 2285 1417 2349 et
1452 2279 1601 2368 ipse
1640 2279 2201 2349 adulescentulus
2232 2280 2493 2369 jejune,
2535 2279 2811 2370 frigide,

663 2396 1010 2464 fastidiose
1032 2395 1435 2484 scripsisset,
1462 2394 1706 2464 eodem
1735 2395 1877 2464 fere
1907 2415 2044 2484 quo
2065 2395 2274 2464 libros
2295 2395 2380 2463 de
2401 2401 2497 2466 Re
2524 2395 2811 2482 publiea

663 2517 989 2599 tempore,
1019 2518 1153 2578 tres
1188 2510 1494 2597 dialogos
1520 2512 1606 2579 de
1640 2516 1929 2580 Oratore
1964 2508 2202 2593 edidit,
2228 2530 2404 2604 quos
2443 2510 2809 2600 diligenter

660 2625 1015 2714 perfectos,
1062 2625 1317 2715 diuque
1363 2633 1431 2693 et
1480 2627 1778 2693 multum
1817 2627 1888 2693 in
1929 2625 2250 2694 manibus
2289 2625 2560 2696 habitos
2600 2626 2813 2694 vehe-

664 2748 925 2810 menter
955 2743 1098 2831 ipse
1126 2742 1455 2830 probabat
1484 2746 1530 2810 ².
1569 2744 1688 2810 His
1722 2744 1909 2810 enim
1938 2743 2265 2832 quicquid
2294 2743 2368 2810 in
2397 2743 2810 2812 Graecorum

660 2857 852 2925 libris
878 2857 965 2926 ad
995 2857 1507 2926 informandum
1534 2862 1872 2926 oratorem
1903 2859 2106 2946 plane
2134 2858 2406 2927 valebat
2436 2859 2621 2927 cives
2647 2878 2814 2926 suos

659 2976 750 3042 ita
794 2973 1059 3057 docuit,
1106 2981 1181 3041 ut
1227 2992 1465 3041 eorum
1514 2993 1690 3061 quae
1738 2974 2098 3063 praecipue
2141 2974 2466 3041 Romanis
2513 2973 2810 3062 ingeniis

659 3094 814 3180 apta
869 3097 1100 3158 essent
1155 3090 1488 3158 rationem
1546 3088 1851 3175 haberet,
1909 3109 2184 3178 quoque
2240 3089 2607 3158 excelleret
2661 3089 2808 3176 ipse

660 3205 930 3274 dicendi
970 3226 1191 3294 genus
1230 3204 1473 3274 callide
1511 3203 1844 3285 laudaret,
1880 3204 2302 3293 omninoque
2344 3204 2630 3292 scriptor
2667 3204 2811 3272 ele-

662 3340 832 3410 gans
870 3328 937 3389 et
976 3319 1349 3409 jucundus,
1397 3339 1848 3408 summusque
1895 3319 2242 3388 latinitatis
2271 3321 2293 3354 3
2329 3325 2567 3387 auctor
2614 3319 2810 3387 vide-

661 3443 869 3504 retur.
914 3437 1201 3502 Tantum
1248 3435 1454 3522 igitur
1504 3455 1679 3525 opus
1730 3434 2086 3523 scripsisse
2143 3434 2306 3502 satis
2351 3455 2511 3502 cum
2557 3435 2810 3504 habere

661 3551 891 3618 Cicero
930 3556 1183 3639 posset,
1220 3549 1457 3618 decem
1485 3549 1627 3618 fere
1657 3555 1810 3638 post
1838 3549 2040 3618 annis
2071 3549 2282 3618 libros
2321 3548 2497 3618 duos
2537 3549 2622 3617 de
2661 3557 2808 3618 arte

661 3664 949 3733 oratoria
978 3663 1402 3752 conscripsit,
1436 3683 1730 3753 quorum
1768 3665 1940 3732 alter
1980 3670 2244 3732 Brutus
2289 3664 2436 3731 sive
2473 3664 2558 3731 de
2599 3665 2806 3732 elaris

720 3913 765 3960 1.
797 3913 1127 3975 Bernhardy,
1160 3911 1462 3976 Grundriae,
1493 3927 1544 3975 p.
1579 3915 1665 3975 633
1691 3912 1909 3974 Jullien,
1935 3911 2006 3960 les
2033 3911 2180 3974 Prof.
2211 3908 2276 3958 de
2306 3908 2431 3965 litt„
2459 3923 2510 3970 p.
2545 3909 2715 3957 95·96.

721 3984 767 4032 2.
802 3982 901 4032 Ad.
931 3982 1062 4042 ΑΜ,
1089 3986 1136 4042 4,
1169 3985 1243 4045 13,
1274 3985 1533 4046 2313,19‚
1563 3985 1608 4033 4.

718 4055 765 4102 3.
794 4052 931 4112 Quid
956 4054 1094 4102 inter
1120 4053 1287 4104 libros
1316 4053 1381 4104 de
1407 4055 1699 4104 inventione
1721 4059 1774 4104 et
1800 4053 2047 4116 dialogos
2077 4052 2141 4103 de
2163 4049 2616 4103 Oratoreintersit
2636 4047 2811 4109 aperit

659 4123 929 4184 danaen-et,
956 4114 1043 4173 Et.
1060 4139 1156 4174 sur
1180 4125 1234 4175 la
1263 4125 1457 4189 lanque
1483 4125 1549 4175 cle
1575 4126 1627 4176 la
1649 4126 1786 4176 rhet.
1811 4130 1862 4176 et
1890 4125 1954 4176 de
1981 4123 2036 4175 la
2063 4125 2185 4174 erit.
2210 4123 2290 4173 lit.
2313 4122 2446 4172 dans
2471 4121 2600 4180 Cic„
2625 4134 2678 4181 p.
2701 4120 2805 4169 6-9.
