<?xml version="1.0" encoding="UTF-8"?>
<!DOCTYPE html PUBLIC "-//W3C//DTD XHTML 1.0 Transitional//EN"
    "http://www.w3.org/TR/xhtml1/DTD/xhtml1-transitional.dtd">
<html xmlns="http://www.w3.org/1999/xhtml" xml:lang="en" lang="en">
 <head>
  <title>
</title>
<meta http-equiv="Content-Type" content="text/html;charset=utf-8" />
  <meta name='ocr-system' content='tesseract 3.04.00' />
  <meta name='ocr-capabilities' content='ocr_page ocr_carea ocr_par ocr_line ocrx_word'/>
</head>
<body>
  <div class='ocr_page' id='page_1' title='image "./mtulliusciceroq00unkngoog_0120.png"; bbox 0 0 3100 5042; ppageno 0'>
   <div class='ocr_carea' id='block_1_1' title="bbox 1508 569 1830 632">
    <p class='ocr_par' dir='ltr' id='par_1_1' title="bbox 1508 569 1830 632">
     <span class='ocr_line' id='line_1_1' title="bbox 1508 569 1830 632; baseline -0.003 -15"><span class='ocrx_word' id='word_1_1' title='bbox 1508 569 1830 632; x_wconf 73' lang='lat'>—92—</span> 
     </span>
    </p>
   </div>
   <div class='ocr_carea' id='block_1_2' title="bbox 590 705 2756 2640">
    <p class='ocr_par' dir='ltr' id='par_1_2' title="bbox 593 705 2756 1349">
     <span class='ocr_line' id='line_1_2' title="bbox 601 705 2752 797; baseline 0.002 -25"><span class='ocrx_word' id='word_1_2' title='bbox 601 707 804 788; x_wconf 89' lang='lat' dir='ltr'>viam,</span> <span class='ocrx_word' id='word_1_3' title='bbox 859 726 993 793; x_wconf 87' lang='lat' dir='ltr'>qua</span> <span class='ocrx_word' id='word_1_4' title='bbox 1035 705 1120 774; x_wconf 88' lang='lat' dir='ltr'>ad</span> <span class='ocrx_word' id='word_1_5' title='bbox 1168 706 1467 775; x_wconf 82' lang='lat' dir='ltr'>honores</span> <span class='ocrx_word' id='word_1_6' title='bbox 1513 705 1831 774; x_wconf 81' lang='lat' dir='ltr'>accedere</span> <span class='ocrx_word' id='word_1_7' title='bbox 1882 705 2090 774; x_wconf 90' lang='lat' dir='ltr'>homo</span> <span class='ocrx_word' id='word_1_8' title='bbox 2138 727 2361 775; x_wconf 88' lang='lat' dir='ltr'>novus</span> <span class='ocrx_word' id='word_1_9' title='bbox 2411 715 2641 797; x_wconf 90' lang='lat' dir='ltr'>posset</span> <span class='ocrx_word' id='word_1_10' title='bbox 2672 712 2689 744; x_wconf 93' lang='lat'>¹</span> <span class='ocrx_word' id='word_1_11' title='bbox 2735 731 2752 776; x_wconf 89' lang='lat'>:</span> 
     </span>
     <span class='ocr_line' id='line_1_3' title="bbox 594 820 2756 910; baseline 0.001 -21"><span class='ocrx_word' id='word_1_12' title='bbox 594 823 1025 910; x_wconf 82' lang='lat' dir='ltr'>eloquentiae</span> <span class='ocrx_word' id='word_1_13' title='bbox 1056 821 1282 890; x_wconf 88' lang='lat' dir='ltr'>studio</span> <span class='ocrx_word' id='word_1_14' title='bbox 1314 820 1612 905; x_wconf 85' lang='lat' dir='ltr'>deditus,</span> <span class='ocrx_word' id='word_1_15' title='bbox 1651 842 1922 889; x_wconf 90' lang='lat' dir='ltr'>summo</span> <span class='ocrx_word' id='word_1_16' title='bbox 1954 841 2160 909; x_wconf 90' lang='lat' dir='ltr'>opere</span> <span class='ocrx_word' id='word_1_17' title='bbox 2189 842 2348 889; x_wconf 90' lang='lat' dir='ltr'>eum</span> <span class='ocrx_word' id='word_1_18' title='bbox 2380 843 2454 891; x_wconf 92' lang='lat' dir='ltr'>se</span> <span class='ocrx_word' id='word_1_19' title='bbox 2484 823 2756 892; x_wconf 89' lang='lat' dir='ltr'>efficere</span> 
     </span>
     <span class='ocr_line' id='line_1_4' title="bbox 594 936 2748 1027; baseline 0.001 -23"><span class='ocrx_word' id='word_1_20' title='bbox 594 945 881 1006; x_wconf 88' lang='lat' dir='ltr'>conatus</span> <span class='ocrx_word' id='word_1_21' title='bbox 910 943 1037 1023; x_wconf 90' lang='lat' dir='ltr'>est,</span> <span class='ocrx_word' id='word_1_22' title='bbox 1073 938 1214 1026; x_wconf 85' lang='lat' dir='ltr'>qui,</span> <span class='ocrx_word' id='word_1_23' title='bbox 1257 943 1700 1027; x_wconf 86' lang='lat' dir='ltr'>patronorum</span> <span class='ocrx_word' id='word_1_24' title='bbox 1734 938 2060 1024; x_wconf 82' lang='lat' dir='ltr'>optimuS,</span> <span class='ocrx_word' id='word_1_25' title='bbox 2096 937 2282 1004; x_wconf 91' lang='lat' dir='ltr'>hunc</span> <span class='ocrx_word' id='word_1_26' title='bbox 2325 936 2748 1022; x_wconf 90' lang='lat' dir='ltr'>defenderet,</span> 
     </span>
     <span class='ocr_line' id='line_1_5' title="bbox 593 1051 2747 1142; baseline 0 -21"><span class='ocrx_word' id='word_1_27' title='bbox 593 1054 789 1121; x_wconf 91' lang='lat' dir='ltr'>illum</span> <span class='ocrx_word' id='word_1_28' title='bbox 840 1053 908 1119; x_wconf 92' lang='lat' dir='ltr'>in</span> <span class='ocrx_word' id='word_1_29' title='bbox 956 1051 1292 1142; x_wconf 83' lang='lat' dir='ltr'>judicium</span> <span class='ocrx_word' id='word_1_30' title='bbox 1337 1051 1729 1132; x_wconf 83' lang='lat' dir='ltr'>adduceret,</span> <span class='ocrx_word' id='word_1_31' title='bbox 1783 1051 2038 1119; x_wconf 86' lang='lat' dir='ltr'>multos</span> <span class='ocrx_word' id='word_1_32' title='bbox 2088 1052 2153 1117; x_wconf 92' lang='lat' dir='ltr'>in</span> <span class='ocrx_word' id='word_1_33' title='bbox 2208 1052 2412 1119; x_wconf 81' lang='lat' dir='ltr'>fidem</span> <span class='ocrx_word' id='word_1_34' title='bbox 2462 1054 2747 1122; x_wconf 90' lang='lat' dir='ltr'>cliente-</span> 
     </span>
     <span class='ocr_line' id='line_1_6' title="bbox 595 1163 2756 1257; baseline 0.002 -25"><span class='ocrx_word' id='word_1_35' title='bbox 595 1167 867 1254; x_wconf 82' lang='lat' dir='ltr'>lamque</span> <span class='ocrx_word' id='word_1_36' title='bbox 925 1166 1278 1254; x_wconf 88' lang='lat' dir='ltr'>reciperet,</span> <span class='ocrx_word' id='word_1_37' title='bbox 1332 1185 1653 1254; x_wconf 88' lang='lat' dir='ltr'>magnam</span> <span class='ocrx_word' id='word_1_38' title='bbox 1710 1163 2009 1254; x_wconf 89' lang='lat' dir='ltr'>denique</span> <span class='ocrx_word' id='word_1_39' title='bbox 2056 1165 2329 1232; x_wconf 89' lang='lat' dir='ltr'>laudem</span> <span class='ocrx_word' id='word_1_40' title='bbox 2379 1187 2756 1257; x_wconf 88' lang='lat' dir='ltr'>conseque-</span> 
     </span>
     <span class='ocr_line' id='line_1_7' title="bbox 595 1289 799 1349; baseline -0.005 -1"><span class='ocrx_word' id='word_1_41' title='bbox 595 1289 799 1349; x_wconf 89' lang='lat' dir='ltr'>retur.</span> 
     </span>
    </p>

    <p class='ocr_par' dir='ltr' id='par_1_3' title="bbox 590 1394 2756 2640">
     <span class='ocr_line' id='line_1_8' title="bbox 684 1394 2754 1484; baseline 0 -21"><span class='ocrx_word' id='word_1_42' title='bbox 684 1397 935 1464; x_wconf 80' lang='lat' dir='ltr'>Causas</span> <span class='ocrx_word' id='word_1_43' title='bbox 969 1396 1173 1484; x_wconf 89' lang='lat' dir='ltr'>igitur</span> <span class='ocrx_word' id='word_1_44' title='bbox 1220 1394 1338 1462; x_wconf 93' lang='lat' dir='ltr'>diu</span> <span class='ocrx_word' id='word_1_45' title='bbox 1378 1394 1546 1463; x_wconf 84' lang='lat' dir='ltr'><strong>dixit</strong></span> <span class='ocrx_word' id='word_1_46' title='bbox 1588 1396 1815 1483; x_wconf 88' lang='lat' dir='ltr'>itaque</span> <span class='ocrx_word' id='word_1_47' title='bbox 1855 1395 2082 1463; x_wconf 84' lang='lat' dir='ltr'>dicere</span> <span class='ocrx_word' id='word_1_48' title='bbox 2125 1398 2449 1481; x_wconf 82' lang='lat' dir='ltr'>assuevit,</span> <span class='ocrx_word' id='word_1_49' title='bbox 2496 1403 2593 1482; x_wconf 90' lang='lat' dir='ltr'>ut,</span> <span class='ocrx_word' id='word_1_50' title='bbox 2642 1399 2754 1466; x_wconf 91' lang='lat' dir='ltr'>vel</span> 
     </span>
     <span class='ocr_line' id='line_1_9' title="bbox 593 1510 2752 1600; baseline 0 -20"><span class='ocrx_word' id='word_1_51' title='bbox 593 1533 749 1580; x_wconf 91' lang='lat' dir='ltr'>cum</span> <span class='ocrx_word' id='word_1_52' title='bbox 784 1510 1053 1599; x_wconf 89' lang='lat' dir='ltr'>publico</span> <span class='ocrx_word' id='word_1_53' title='bbox 1098 1530 1383 1578; x_wconf 90' lang='lat' dir='ltr'>munere</span> <span class='ocrx_word' id='word_1_54' title='bbox 1420 1511 1822 1598; x_wconf 82' lang='lat' dir='ltr'>fungeretur</span> <span class='ocrx_word' id='word_1_55' title='bbox 1859 1519 1927 1579; x_wconf 89' lang='lat' dir='ltr'>et</span> <span class='ocrx_word' id='word_1_56' title='bbox 1973 1511 2057 1579; x_wconf 92' lang='lat' dir='ltr'>de</span> <span class='ocrx_word' id='word_1_57' title='bbox 2097 1512 2388 1600; x_wconf 85' lang='lat' dir='ltr'>publicis</span> <span class='ocrx_word' id='word_1_58' title='bbox 2434 1513 2752 1600; x_wconf 90' lang='lat' dir='ltr'>loquere-</span> 
     </span>
     <span class='ocr_line' id='line_1_10' title="bbox 594 1624 2755 1714; baseline -0 -20"><span class='ocrx_word' id='word_1_59' title='bbox 594 1635 701 1696; x_wconf 88' lang='lat' dir='ltr'>tur</span> <span class='ocrx_word' id='word_1_60' title='bbox 756 1626 987 1707; x_wconf 80' lang='lat' dir='ltr'>rebuS‚</span> <span class='ocrx_word' id='word_1_61' title='bbox 1052 1647 1303 1713; x_wconf 81' lang='lat' dir='ltr'>genere</span> <span class='ocrx_word' id='word_1_62' title='bbox 1360 1627 1798 1714; x_wconf 88' lang='lat' dir='ltr'>potissimum</span> <span class='ocrx_word' id='word_1_63' title='bbox 1851 1624 2160 1714; x_wconf 86' lang='lat' dir='ltr'>judiciali</span> <span class='ocrx_word' id='word_1_64' title='bbox 2209 1634 2479 1695; x_wconf 85' lang='lat' dir='ltr'>servato</span> <span class='ocrx_word' id='word_1_65' title='bbox 2526 1629 2755 1696; x_wconf 87' lang='lat' dir='ltr'>autin</span> 
     </span>
     <span class='ocr_line' id='line_1_11' title="bbox 590 1740 2754 1832; baseline 0 -22"><span class='ocrx_word' id='word_1_66' title='bbox 590 1744 889 1832; x_wconf 80' lang='lat' dir='ltr'>aliquem</span> <span class='ocrx_word' id='word_1_67' title='bbox 921 1749 1037 1809; x_wconf 82' lang='lat' dir='ltr'>aut</span> <span class='ocrx_word' id='word_1_68' title='bbox 1068 1762 1189 1830; x_wconf 92' lang='lat' dir='ltr'>pro</span> <span class='ocrx_word' id='word_1_69' title='bbox 1220 1741 1449 1830; x_wconf 89' lang='lat' dir='ltr'>aliquo</span> <span class='ocrx_word' id='word_1_70' title='bbox 1482 1761 1760 1809; x_wconf 89' lang='lat' dir='ltr'>omnem</span> <span class='ocrx_word' id='word_1_71' title='bbox 1799 1742 2177 1808; x_wconf 88' lang='lat' dir='ltr'>orationem</span> <span class='ocrx_word' id='word_1_72' title='bbox 2219 1740 2498 1810; x_wconf 83' lang='lat' dir='ltr'>haberet</span> <span class='ocrx_word' id='word_1_73' title='bbox 2528 1743 2572 1809; x_wconf 81' lang='lat'>².</span> <span class='ocrx_word' id='word_1_74' title='bbox 2608 1743 2754 1820; x_wconf 91' lang='lat' dir='ltr'>Quo</span> 
     </span>
     <span class='ocr_line' id='line_1_12' title="bbox 592 1854 2752 1945; baseline -0.002 -19"><span class='ocrx_word' id='word_1_75' title='bbox 592 1859 847 1927; x_wconf 86' lang='lat' dir='ltr'>factum</span> <span class='ocrx_word' id='word_1_76' title='bbox 898 1877 1050 1925; x_wconf 89' lang='lat' dir='ltr'>esse</span> <span class='ocrx_word' id='word_1_77' title='bbox 1104 1863 1178 1924; x_wconf 89' lang='lat' dir='ltr'>ut</span> <span class='ocrx_word' id='word_1_78' title='bbox 1228 1854 1729 1924; x_wconf 84' lang='lat' dir='ltr'>causidicorum</span> <span class='ocrx_word' id='word_1_79' title='bbox 1780 1856 1969 1937; x_wconf 81' lang='lat' dir='ltr'>vitia,</span> <span class='ocrx_word' id='word_1_80' title='bbox 2023 1855 2271 1945; x_wconf 84' lang='lat' dir='ltr'>quibus</span> <span class='ocrx_word' id='word_1_81' title='bbox 2319 1857 2622 1924; x_wconf 90' lang='lat' dir='ltr'>imbutus</span> <span class='ocrx_word' id='word_1_82' title='bbox 2669 1857 2752 1925; x_wconf 89' lang='lat' dir='ltr'>ad</span> 
     </span>
     <span class='ocr_line' id='line_1_13' title="bbox 595 1970 2755 2062; baseline -0 -21"><span class='ocrx_word' id='word_1_83' title='bbox 595 1996 738 2043; x_wconf 89' lang='lat' dir='ltr'>rem</span> <span class='ocrx_word' id='word_1_84' title='bbox 774 1972 1114 2062; x_wconf 86' lang='lat' dir='ltr'>publicam</span> <span class='ocrx_word' id='word_1_85' title='bbox 1158 1970 1436 2056; x_wconf 88' lang='lat' dir='ltr'>adisset,</span> <span class='ocrx_word' id='word_1_86' title='bbox 1480 1993 1858 2060; x_wconf 86' lang='lat' dir='ltr'>numquam</span> <span class='ocrx_word' id='word_1_87' title='bbox 1899 1972 2182 2039; x_wconf 90' lang='lat' dir='ltr'>omnino</span> <span class='ocrx_word' id='word_1_88' title='bbox 2224 1973 2526 2060; x_wconf 77' lang='lat' dir='ltr'>posuerit</span> <span class='ocrx_word' id='word_1_89' title='bbox 2564 1973 2755 2040; x_wconf 91' lang='lat' dir='ltr'>Bois-</span> 
     </span>
     <span class='ocr_line' id='line_1_14' title="bbox 592 2086 2756 2175; baseline 0 -19"><span class='ocrx_word' id='word_1_90' title='bbox 592 2090 835 2157; x_wconf 88' lang='lat' dir='ltr'>sierius</span> <span class='ocrx_word' id='word_1_91' title='bbox 884 2087 1115 2170; x_wconf 79' lang='lat' dir='ltr'>docet3</span> <span class='ocrx_word' id='word_1_92' title='bbox 1155 2092 1222 2154; x_wconf 87' lang='lat' dir='ltr'>et</span> <span class='ocrx_word' id='word_1_93' title='bbox 1268 2093 1541 2154; x_wconf 77' lang='lat' dir='ltr'>nosmet</span> <span class='ocrx_word' id='word_1_94' title='bbox 1577 2087 1731 2174; x_wconf 89' lang='lat' dir='ltr'>ipsi,</span> <span class='ocrx_word' id='word_1_95' title='bbox 1776 2086 2049 2154; x_wconf 87' lang='lat' dir='ltr'>subtilis</span> <span class='ocrx_word' id='word_1_96' title='bbox 2095 2088 2392 2154; x_wconf 85' lang='lat' dir='ltr'>auctoris</span> <span class='ocrx_word' id='word_1_97' title='bbox 2443 2088 2756 2175; x_wconf 86' lang='lat' dir='ltr'>vestigiis</span> 
     </span>
     <span class='ocr_line' id='line_1_15' title="bbox 595 2201 2753 2292; baseline -0.001 -22"><span class='ocrx_word' id='word_1_98' title='bbox 595 2203 1088 2292; x_wconf 77' lang='lat' dir='ltr'>ingredientes,</span> <span class='ocrx_word' id='word_1_99' title='bbox 1160 2222 1365 2291; x_wconf 89' lang='lat' dir='ltr'>quam</span> <span class='ocrx_word' id='word_1_100' title='bbox 1433 2201 1684 2268; x_wconf 86' lang='lat' dir='ltr'>malam</span> <span class='ocrx_word' id='word_1_101' title='bbox 1752 2201 2110 2268; x_wconf 78' lang='lat' dir='ltr'>retinuerit</span> <span class='ocrx_word' id='word_1_102' title='bbox 2181 2201 2753 2270; x_wconf 83' lang='lat' dir='ltr'>consuetudinem</span> 
     </span>
     <span class='ocr_line' id='line_1_16' title="bbox 596 2315 2756 2405; baseline -0.001 -17"><span class='ocrx_word' id='word_1_103' title='bbox 596 2341 752 2388; x_wconf 89' lang='lat' dir='ltr'>cum</span> <span class='ocrx_word' id='word_1_104' title='bbox 783 2318 867 2386; x_wconf 89' lang='lat' dir='ltr'>de</span> <span class='ocrx_word' id='word_1_105' title='bbox 894 2326 1034 2386; x_wconf 89' lang='lat' dir='ltr'>arte</span> <span class='ocrx_word' id='word_1_106' title='bbox 1065 2315 1359 2400; x_wconf 86' lang='lat' dir='ltr'>dicendi,</span> <span class='ocrx_word' id='word_1_107' title='bbox 1396 2323 1511 2384; x_wconf 85' lang='lat' dir='ltr'>aut</span> <span class='ocrx_word' id='word_1_108' title='bbox 1551 2315 1637 2384; x_wconf 92' lang='lat' dir='ltr'>de</span> <span class='ocrx_word' id='word_1_109' title='bbox 1678 2316 2138 2405; x_wconf 87' lang='lat' dir='ltr'>philosophia,</span> <span class='ocrx_word' id='word_1_110' title='bbox 2190 2323 2306 2384; x_wconf 87' lang='lat' dir='ltr'>aut</span> <span class='ocrx_word' id='word_1_111' title='bbox 2347 2316 2432 2386; x_wconf 91' lang='lat' dir='ltr'>de</span> <span class='ocrx_word' id='word_1_112' title='bbox 2472 2317 2756 2385; x_wconf 85' lang='lat' dir='ltr'>historia</span> 
     </span>
     <span class='ocr_line' id='line_1_17' title="bbox 595 2432 2752 2523; baseline -0.001 -20"><span class='ocrx_word' id='word_1_113' title='bbox 595 2436 868 2521; x_wconf 85' lang='lat' dir='ltr'>scribat,</span> <span class='ocrx_word' id='word_1_114' title='bbox 906 2455 1277 2523; x_wconf 91' lang='lat' dir='ltr'>possumus</span> <span class='ocrx_word' id='word_1_115' title='bbox 1320 2432 1471 2502; x_wconf 83' lang='lat' dir='ltr'>fuse</span> <span class='ocrx_word' id='word_1_116' title='bbox 1521 2433 1885 2521; x_wconf 87' lang='lat' dir='ltr'>explicare.</span> <span class='ocrx_word' id='word_1_117' title='bbox 1939 2432 2134 2511; x_wconf 88' lang='lat' dir='ltr'>Quod</span> <span class='ocrx_word' id='word_1_118' title='bbox 2184 2454 2363 2516; x_wconf 86' lang='lat' dir='ltr'>cum,</span> <span class='ocrx_word' id='word_1_119' title='bbox 2411 2453 2496 2501; x_wconf 90' lang='lat' dir='ltr'>ne</span> <span class='ocrx_word' id='word_1_120' title='bbox 2541 2432 2624 2499; x_wconf 88' lang='lat' dir='ltr'>ab</span> <span class='ocrx_word' id='word_1_121' title='bbox 2671 2453 2752 2501; x_wconf 92' lang='lat' dir='ltr'>eo</span> 
     </span>
     <span class='ocr_line' id='line_1_18' title="bbox 595 2549 2755 2640; baseline -0.002 -21"><span class='ocrx_word' id='word_1_122' title='bbox 595 2550 779 2640; x_wconf 91' lang='lat' dir='ltr'>quod</span> <span class='ocrx_word' id='word_1_123' title='bbox 812 2552 1293 2640; x_wconf 88' lang='lat' dir='ltr'>proposuimus</span> <span class='ocrx_word' id='word_1_124' title='bbox 1322 2549 1810 2636; x_wconf 85' lang='lat' dir='ltr'>digrediamur,</span> <span class='ocrx_word' id='word_1_125' title='bbox 1845 2551 2269 2633; x_wconf 88' lang='lat' dir='ltr'>omittamus,</span> <span class='ocrx_word' id='word_1_126' title='bbox 2299 2549 2494 2617; x_wconf 86' lang='lat' dir='ltr'>liceat</span> <span class='ocrx_word' id='word_1_127' title='bbox 2523 2555 2755 2617; x_wconf 88' lang='lat' dir='ltr'>tamen</span> 
     </span>
    </p>
   </div>
   <div class='ocr_carea' id='block_1_3' title="bbox 486 2662 2758 2752">
    <p class='ocr_par' dir='ltr' id='par_1_4' title="bbox 486 2662 2758 2752">
     <span class='ocr_line' id='line_1_19' title="bbox 486 2662 2758 2752; baseline 0 -20"><span class='ocrx_word' id='word_1_128' title='bbox 486 2665 500 2677; x_wconf 51' lang='lat'><em>⁵</em></span> <span class='ocrx_word' id='word_1_129' title='bbox 594 2666 820 2733; x_wconf 90' lang='lat' dir='ltr'>dicere</span> <span class='ocrx_word' id='word_1_130' title='bbox 871 2667 1291 2746; x_wconf 90' lang='lat' dir='ltr'>Ciceronem,</span> <span class='ocrx_word' id='word_1_131' title='bbox 1344 2671 1705 2752; x_wconf 82' lang='lat' dir='ltr'>postquam</span> <span class='ocrx_word' id='word_1_132' title='bbox 1762 2662 1877 2731; x_wconf 90' lang='lat' dir='ltr'>diu</span> <span class='ocrx_word' id='word_1_133' title='bbox 1937 2684 2298 2732; x_wconf 87' lang='lat' dir='ltr'>causarum</span> <span class='ocrx_word' id='word_1_134' title='bbox 2351 2665 2582 2731; x_wconf 87' lang='lat' dir='ltr'>omnia</span> <span class='ocrx_word' id='word_1_135' title='bbox 2639 2683 2758 2752; x_wconf 91' lang='lat' dir='ltr'>ge-</span> 
     </span>
    </p>
   </div>
   <div class='ocr_carea' id='block_1_4' title="bbox 594 2778 2804 3787">
    <p class='ocr_par' dir='ltr' id='par_1_5' title="bbox 594 2778 2804 3787">
     <span class='ocr_line' id='line_1_20' title="bbox 595 2778 2752 2868; baseline -0.001 -21"><span class='ocrx_word' id='word_1_136' title='bbox 595 2801 758 2848; x_wconf 87' lang='lat' dir='ltr'>nera</span> <span class='ocrx_word' id='word_1_137' title='bbox 788 2779 1185 2868; x_wconf 88' lang='lat' dir='ltr'>susceperit,</span> <span class='ocrx_word' id='word_1_138' title='bbox 1221 2798 1359 2844; x_wconf 92' lang='lat' dir='ltr'>non</span> <span class='ocrx_word' id='word_1_139' title='bbox 1397 2779 1700 2866; x_wconf 89' lang='lat' dir='ltr'>potuisse</span> <span class='ocrx_word' id='word_1_140' title='bbox 1727 2799 1873 2846; x_wconf 86' lang='lat' dir='ltr'>non</span> <span class='ocrx_word' id='word_1_141' title='bbox 1905 2778 1973 2845; x_wconf 91' lang='lat' dir='ltr'>in</span> <span class='ocrx_word' id='word_1_142' title='bbox 2021 2778 2206 2845; x_wconf 91' lang='lat' dir='ltr'>omni</span> <span class='ocrx_word' id='word_1_143' title='bbox 2248 2779 2650 2865; x_wconf 88' lang='lat' dir='ltr'>quaestione</span> <span class='ocrx_word' id='word_1_144' title='bbox 2680 2779 2752 2844; x_wconf 91' lang='lat' dir='ltr'>in</span> 
     </span>
     <span class='ocr_line' id='line_1_21' title="bbox 596 2891 2747 2982; baseline -0.002 -19"><span class='ocrx_word' id='word_1_145' title='bbox 596 2895 967 2963; x_wconf 85' lang='lat' dir='ltr'>contrarias</span> <span class='ocrx_word' id='word_1_146' title='bbox 1012 2899 1239 2982; x_wconf 85' lang='lat' dir='ltr'>partes</span> <span class='ocrx_word' id='word_1_147' title='bbox 1290 2892 1648 2973; x_wconf 91' lang='lat' dir='ltr'>disserere,</span> <span class='ocrx_word' id='word_1_148' title='bbox 1693 2891 1950 2960; x_wconf 87' lang='lat' dir='ltr'>nedum</span> <span class='ocrx_word' id='word_1_149' title='bbox 1990 2892 2154 2980; x_wconf 91' lang='lat' dir='ltr'>quid</span> <span class='ocrx_word' id='word_1_150' title='bbox 2193 2894 2337 2960; x_wconf 89' lang='lat' dir='ltr'>veri</span> <span class='ocrx_word' id='word_1_151' title='bbox 2378 2891 2747 2961; x_wconf 89' lang='lat' dir='ltr'>dicendum</span> 
     </span>
     <span class='ocr_line' id='line_1_22' title="bbox 594 3007 2755 3100; baseline -0.003 -20"><span class='ocrx_word' id='word_1_152' title='bbox 594 3018 775 3081; x_wconf 89' lang='lat' dir='ltr'>esset</span> <span class='ocrx_word' id='word_1_153' title='bbox 821 3010 1257 3100; x_wconf 82' lang='lat' dir='ltr'>disceptaret3</span> <span class='ocrx_word' id='word_1_154' title='bbox 1308 3013 1396 3090; x_wconf 91' lang='lat' dir='ltr'>et,</span> <span class='ocrx_word' id='word_1_155' title='bbox 1450 3015 1817 3097; x_wconf 86' lang='lat' dir='ltr'>postquam</span> <span class='ocrx_word' id='word_1_156' title='bbox 1855 3007 2132 3076; x_wconf 88' lang='lat' dir='ltr'>vincere</span> <span class='ocrx_word' id='word_1_157' title='bbox 2171 3007 2287 3074; x_wconf 90' lang='lat' dir='ltr'>diu</span> <span class='ocrx_word' id='word_1_158' title='bbox 2329 3009 2422 3075; x_wconf 86' lang='lat' dir='ltr'>ita</span> <span class='ocrx_word' id='word_1_159' title='bbox 2465 3014 2755 3074; x_wconf 82' lang='lat' dir='ltr'>conten-</span> 
     </span>
     <span class='ocr_line' id='line_1_23' title="bbox 595 3119 2748 3211; baseline -0.002 -18"><span class='ocrx_word' id='word_1_160' title='bbox 595 3125 792 3208; x_wconf 85' lang='lat' dir='ltr'>derit,</span> <span class='ocrx_word' id='word_1_161' title='bbox 830 3132 903 3193; x_wconf 87' lang='lat' dir='ltr'>ut</span> <span class='ocrx_word' id='word_1_162' title='bbox 932 3127 1040 3194; x_wconf 87' lang='lat' dir='ltr'>vel</span> <span class='ocrx_word' id='word_1_163' title='bbox 1075 3119 1663 3192; x_wconf 90' lang='lat' dir='ltr'>mendaciunculis</span> <span class='ocrx_word' id='word_1_164' title='bbox 1688 3142 1963 3190; x_wconf 90' lang='lat' dir='ltr'>causam</span> <span class='ocrx_word' id='word_1_165' title='bbox 1995 3121 2276 3190; x_wconf 86' lang='lat' dir='ltr'>auderet</span> <span class='ocrx_word' id='word_1_166' title='bbox 2312 3121 2748 3211; x_wconf 86' lang='lat' dir='ltr'>adspergere,</span> 
     </span>
     <span class='ocr_line' id='line_1_24' title="bbox 596 3237 2754 3330; baseline -0.003 -20"><span class='ocrx_word' id='word_1_167' title='bbox 596 3263 735 3310; x_wconf 90' lang='lat' dir='ltr'>non</span> <span class='ocrx_word' id='word_1_168' title='bbox 790 3243 1095 3330; x_wconf 88' lang='lat' dir='ltr'>potuisse</span> <span class='ocrx_word' id='word_1_169' title='bbox 1135 3241 1332 3308; x_wconf 90' lang='lat' dir='ltr'>illum</span> <span class='ocrx_word' id='word_1_170' title='bbox 1376 3261 1514 3307; x_wconf 93' lang='lat' dir='ltr'>non</span> <span class='ocrx_word' id='word_1_171' title='bbox 1557 3238 1987 3326; x_wconf 86' lang='lat' dir='ltr'>eloquentiae</span> <span class='ocrx_word' id='word_1_172' title='bbox 2027 3237 2408 3305; x_wconf 89' lang='lat' dir='ltr'>luminibus</span> <span class='ocrx_word' id='word_1_173' title='bbox 2452 3245 2521 3305; x_wconf 91' lang='lat' dir='ltr'>et</span> <span class='ocrx_word' id='word_1_174' title='bbox 2561 3237 2754 3325; x_wconf 89' lang='lat' dir='ltr'>quasi</span> 
     </span>
     <span class='ocr_line' id='line_1_25' title="bbox 597 3350 2758 3445; baseline -0.002 -23"><span class='ocrx_word' id='word_1_175' title='bbox 597 3355 978 3445; x_wconf 81' lang='lat' dir='ltr'>praestigiis</span> <span class='ocrx_word' id='word_1_176' title='bbox 1034 3355 1339 3443; x_wconf 89' lang='lat' dir='ltr'>legentes</span> <span class='ocrx_word' id='word_1_177' title='bbox 1398 3354 1694 3438; x_wconf 86' lang='lat' dir='ltr'>allicere,</span> <span class='ocrx_word' id='word_1_178' title='bbox 1747 3351 2004 3420; x_wconf 92' lang='lat' dir='ltr'>nedum</span> <span class='ocrx_word' id='word_1_179' title='bbox 2062 3372 2273 3439; x_wconf 88' lang='lat' dir='ltr'>seque</span> <span class='ocrx_word' id='word_1_180' title='bbox 2326 3356 2391 3419; x_wconf 89' lang='lat' dir='ltr'>et</span> <span class='ocrx_word' id='word_1_181' title='bbox 2449 3350 2758 3439; x_wconf 87' lang='lat' dir='ltr'>legentes</span> 
     </span>
     <span class='ocr_line' id='line_1_26' title="bbox 597 3465 2758 3559; baseline -0.003 -20"><span class='ocrx_word' id='word_1_182' title='bbox 597 3471 872 3559; x_wconf 88' lang='lat' dir='ltr'>penitus</span> <span class='ocrx_word' id='word_1_183' title='bbox 911 3471 981 3536; x_wconf 91' lang='lat' dir='ltr'>in</span> <span class='ocrx_word' id='word_1_184' title='bbox 1018 3469 1395 3537; x_wconf 83' lang='lat' dir='ltr'>doctrinam</span> <span class='ocrx_word' id='word_1_185' title='bbox 1435 3468 1842 3536; x_wconf 80' lang='lat' dir='ltr'>demit-teret.</span> <span class='ocrx_word' id='word_1_186' title='bbox 1892 3466 2373 3545; x_wconf 84' lang='lat' dir='ltr'>Quamobrem,</span> <span class='ocrx_word' id='word_1_187' title='bbox 2418 3486 2576 3533; x_wconf 87' lang='lat' dir='ltr'>cum</span> <span class='ocrx_word' id='word_1_188' title='bbox 2615 3465 2758 3532; x_wconf 87' lang='lat' dir='ltr'>lec-</span> 
     </span>
     <span class='ocr_line' id='line_1_27' title="bbox 602 3580 2758 3673; baseline -0.003 -19"><span class='ocrx_word' id='word_1_189' title='bbox 602 3594 823 3654; x_wconf 87' lang='lat' dir='ltr'>torum</span> <span class='ocrx_word' id='word_1_190' title='bbox 859 3583 1141 3673; x_wconf 84' lang='lat' dir='ltr'>gratiam</span> <span class='ocrx_word' id='word_1_191' title='bbox 1184 3591 1469 3672; x_wconf 86' lang='lat' dir='ltr'>pararet,</span> <span class='ocrx_word' id='word_1_192' title='bbox 1514 3583 1746 3651; x_wconf 91' lang='lat' dir='ltr'>minus</span> <span class='ocrx_word' id='word_1_193' title='bbox 1785 3581 2283 3671; x_wconf 89' lang='lat' dir='ltr'>philosophiae,</span> <span class='ocrx_word' id='word_1_194' title='bbox 2323 3587 2395 3648; x_wconf 87' lang='lat' dir='ltr'>ut</span> <span class='ocrx_word' id='word_1_195' title='bbox 2440 3580 2758 3669; x_wconf 84' lang='lat' dir='ltr'>exemplo</span> 
     </span>
     <span class='ocr_line' id='line_1_28' title="bbox 597 3694 2804 3787; baseline -0.004 -18"><span class='ocrx_word' id='word_1_196' title='bbox 597 3708 771 3782; x_wconf 85' lang='lat' dir='ltr'>utar,</span> <span class='ocrx_word' id='word_1_197' title='bbox 794 3699 1018 3768; x_wconf 88' lang='lat' dir='ltr'>studio</span> <span class='ocrx_word' id='word_1_198' title='bbox 1040 3699 1397 3768; x_wconf 87' lang='lat' dir='ltr'>tenebatur</span> <span class='ocrx_word' id='word_1_199' title='bbox 1417 3719 1622 3787; x_wconf 88' lang='lat' dir='ltr'>quam</span> <span class='ocrx_word' id='word_1_200' title='bbox 1646 3698 1858 3767; x_wconf 89' lang='lat' dir='ltr'>teneri</span> <span class='ocrx_word' id='word_1_201' title='bbox 1877 3718 1950 3766; x_wconf 88' lang='lat' dir='ltr'>se</span> <span class='ocrx_word' id='word_1_202' title='bbox 1967 3717 2373 3786; x_wconf 86' lang='lat' dir='ltr'>persuasum</span> <span class='ocrx_word' id='word_1_203' title='bbox 2394 3694 2752 3763; x_wconf 77' lang='lat' dir='ltr'>habebat³.</span> <span class='ocrx_word' id='word_1_204' title='bbox 2796 3731 2804 3738; x_wconf 87' lang='lat'><em>-</em></span> 
     </span>
    </p>
   </div>
   <div class='ocr_carea' id='block_1_5' title="bbox 597 3977 2759 4260">
    <p class='ocr_par' dir='ltr' id='par_1_6' title="bbox 597 3977 2759 4118">
     <span class='ocr_line' id='line_1_29' title="bbox 662 3977 2759 4047; baseline -0.003 -15"><span class='ocrx_word' id='word_1_205' title='bbox 662 3987 706 4032; x_wconf 82' lang='lat'>1.</span> <span class='ocrx_word' id='word_1_206' title='bbox 733 3983 872 4046; x_wconf 86' lang='lat' dir='ltr'>Lege</span> <span class='ocrx_word' id='word_1_207' title='bbox 908 3983 1099 4040; x_wconf 87' lang='lat' dir='ltr'>Poiret,</span> <span class='ocrx_word' id='word_1_208' title='bbox 1143 3982 1295 4031; x_wconf 76' lang='lat' dir='ltr'>Essai</span> <span class='ocrx_word' id='word_1_209' title='bbox 1339 3995 1431 4031; x_wconf 81' lang='lat' dir='ltr'>sur</span> <span class='ocrx_word' id='word_1_210' title='bbox 1471 3980 1781 4047; x_wconf 80' lang='lat' dir='ltr'>l’e‘loquence</span> <span class='ocrx_word' id='word_1_211' title='bbox 1815 3981 2116 4044; x_wconf 79' lang='lat' dir='ltr'>judiciaire</span> <span class='ocrx_word' id='word_1_212' title='bbox 2153 3981 2185 4028; x_wconf 86' lang='grc' dir='ltr'><em>ὰ</em></span> <span class='ocrx_word' id='word_1_213' title='bbox 2227 3980 2381 4028; x_wconf 83' lang='lat' dir='ltr'>Rome</span> <span class='ocrx_word' id='word_1_214' title='bbox 2419 3978 2661 4043; x_wconf 82' lang='lat' dir='ltr'>pendant</span> <span class='ocrx_word' id='word_1_215' title='bbox 2703 3977 2759 4026; x_wconf 84' lang='lat' dir='ltr'>la</span> 
     </span>
     <span class='ocr_line' id='line_1_30' title="bbox 597 4053 1550 4118; baseline 0.001 -16"><span class='ocrx_word' id='word_1_216' title='bbox 597 4053 925 4118; x_wconf 75' lang='lat' dir='ltr'>Republique,</span> <span class='ocrx_word' id='word_1_217' title='bbox 962 4055 1128 4115; x_wconf 70' lang='lat' dir='ltr'>PariS,</span> <span class='ocrx_word' id='word_1_218' title='bbox 1159 4055 1379 4115; x_wconf 88' lang='lat' dir='ltr'>Thorin,</span> <span class='ocrx_word' id='word_1_219' title='bbox 1407 4055 1550 4103; x_wconf 89' lang='grc'><strong>1886.</strong></span> 
     </span>
    </p>

    <p class='ocr_par' dir='ltr' id='par_1_7' title="bbox 660 4124 1996 4187">
     <span class='ocr_line' id='line_1_31' title="bbox 660 4124 1996 4187; baseline 0 -13"><span class='ocrx_word' id='word_1_220' title='bbox 660 4129 707 4174; x_wconf 83' lang='grc'>2.</span> <span class='ocrx_word' id='word_1_221' title='bbox 742 4126 875 4176; x_wconf 89' lang='lat' dir='ltr'>Vide</span> <span class='ocrx_word' id='word_1_222' title='bbox 906 4126 1160 4186; x_wconf 86' lang='lat' dir='ltr'>Boissier,</span> <span class='ocrx_word' id='word_1_223' title='bbox 1198 4125 1301 4174; x_wconf 80' lang='lat' dir='ltr'>Cic.</span> <span class='ocrx_word' id='word_1_224' title='bbox 1327 4127 1378 4174; x_wconf 81' lang='lat' dir='ltr'>et</span> <span class='ocrx_word' id='word_1_225' title='bbox 1410 4140 1491 4174; x_wconf 76' lang='lat' dir='ltr'>ses</span> <span class='ocrx_word' id='word_1_226' title='bbox 1518 4124 1670 4186; x_wconf 78' lang='lat' dir='ltr'>amis,</span> <span class='ocrx_word' id='word_1_227' title='bbox 1698 4138 1749 4187; x_wconf 89' lang='lat' dir='ltr'>p.</span> <span class='ocrx_word' id='word_1_228' title='bbox 1786 4126 1844 4176; x_wconf 74' lang='lat'>44</span> <span class='ocrx_word' id='word_1_229' title='bbox 1875 4136 1996 4187; x_wconf 80' lang='lat' dir='ltr'>sqq.</span> 
     </span>
    </p>

    <p class='ocr_par' dir='ltr' id='par_1_8' title="bbox 660 4195 1256 4260">
     <span class='ocr_line' id='line_1_32' title="bbox 660 4195 1256 4260; baseline -0.002 -15"><span class='ocrx_word' id='word_1_230' title='bbox 660 4199 706 4245; x_wconf 89' lang='grc'>3.</span> <span class='ocrx_word' id='word_1_231' title='bbox 738 4196 813 4245; x_wconf 86' lang='lat' dir='ltr'>De</span> <span class='ocrx_word' id='word_1_232' title='bbox 844 4195 960 4260; x_wconf 71' lang='lat' dir='ltr'>leq„</span> <span class='ocrx_word' id='word_1_233' title='bbox 996 4199 1042 4257; x_wconf 83' lang='lat'>1,</span> <span class='ocrx_word' id='word_1_234' title='bbox 1074 4199 1153 4256; x_wconf 81' lang='lat'>24,</span> <span class='ocrx_word' id='word_1_235' title='bbox 1179 4199 1256 4246; x_wconf 84' lang='lat'>63.</span> 
     </span>
    </p>
   </div>
  </div>
 </body>
</html>
