3100 5042
1233 516 1551 580 ...83-

304 649 631 717 Roscium
681 647 1008 730 defendit,
1054 649 1124 716 in
1160 650 1447 739 ejusque
1486 649 2018 718 familiaritatem
2063 651 2334 738 penitus
2374 651 2464 719 ita

305 763 611 848 intravit,
660 769 735 830 ut
780 764 983 830 Marci
1030 783 1299 833 amores
1340 785 1419 832 ac
1466 764 1748 832 deliciae
1795 765 2077 833 Roscius
2116 786 2155 833 a
2211 766 2462 843 Quinto

307 878 768 966 appellaretur
798 881 839 946 ¹.
878 880 1123 961 Imm0‚
1149 879 1514 948 comoedos
1545 880 1942 970 saepissime
1969 881 2464 970 magnificeque

312 992 593 1061 laudare
647 1014 860 1062 ausus
896 996 940 1076 ²,
1002 995 1335 1084 populum
1400 996 1785 1062 Romanum
1853 995 2156 1064 oratione
2229 995 2460 1085 objur-

310 1110 494 1197 gavit
530 1109 717 1197 quod
746 1109 985 1177 Roscio
1024 1110 1096 1176 in
1134 1129 1379 1178 scaena
1411 1117 1684 1198 gestum
1722 1117 1966 1199 agente
2006 1111 2462 1181 tumultuatus

310 1226 572 1308 esset³,
626 1231 696 1292 et
739 1224 1084 1313 Aesopum
1132 1226 1636 1313 pronuntiavit,
1699 1246 2054 1294 summum
2110 1232 2176 1294 et
2229 1226 2459 1295 fortis-

313 1340 566 1407 simum
614 1339 963 1421 artificem,
1022 1360 1359 1430 «semper
1409 1341 1703 1429 partium
1751 1341 1820 1408 in
1875 1362 1946 1410 re
2001 1342 2270 1430 publica
2321 1348 2458 1413 tam

312 1475 517 1543 quam
556 1455 625 1521 in
668 1475 911 1523 scaena
949 1455 1359 1544 optimarum
1403 1483 1435 1517 »
1478 1455 1691 1524 fuisse
1724 1458 1767 1522 ⁴.
1815 1483 1847 1518 «
1879 1457 2126 1525 Nullus
2163 1458 2456 1546 ignorat,

310 1573 530 1660 inquit
550 1571 957 1653 Macrobius,
984 1572 1224 1639 Roscio
1250 1578 1320 1640 et
1338 1573 1608 1660 Aesopo
1630 1571 2076 1640 histrionibus
2105 1581 2242 1640 tam
2271 1573 2464 1640 fami-

311 1687 566 1755 liariter
609 1708 811 1754 usum
856 1687 1275 1770 Ciceronem,
1312 1695 1387 1754 ut
1425 1699 1535 1754 res
1575 1686 2014 1774 'rationesque
2054 1706 2294 1754 eorum
2340 1708 2464 1755 sua

308 1801 609 1869 sollertia
638 1808 944 1869 tueretur
963 1803 1007 1867 ⁸.
1048 1829 1080 1862 >›
1116 1802 1354 1869 Roscio
1386 1800 1667 1888 quidem
1695 1807 1764 1868 et
1783 1801 2060 1890 Aesopo
2091 1801 2459 1890 magistrIs,

310 1915 493 2005 quod
566 1918 637 1982 in
704 1915 969 2006 agendo
1042 1915 1383 1985 deforme·
1418 1916 1748 1984 habuerat
1815 1918 2181 2000 sustulit⁶,‘
2247 1917 2467 1984 Aeso-

314 2049 597 2120 pusque,
650 2032 832 2098 Accii
880 2038 1185 2100 Brutum
1242 2050 1480 2118 agens,
1561 2051 1718 2099 cum
1787 2033 2464 2104 senatusconsultum

311 2144 562 2214 factum
618 2152 799 2214 esset
856 2154 928 2214 ut
988 2147 1074 2213 M.
1136 2147 1397 2214 Tullius
1453 2147 1948 2225 restitueretur,
2008 2169 2180 2236 quos
2247 2150 2466 2237 potuit

313 2282 551 2332 versus
625 2261 710 2329 ad
781 2262 1176 2360 Ciceronem
1244 2262 1579 2330 convertit
1644 2270 2194 2351 spectatoresque
2257 2263 2464 2350 jussit

313 2377 664 2446 absentem
715 2377 1162 2445 consularem·
1204 2375 1436 2464 lugere
1475 2378 1522 2444 ⁷.
1568 2377 1852 2445 Archiae
1911 2383 2137 2444 autem
2189 2397 2464 2445 causam

312 2491 395 2558 M.
466 2491 762 2558 Tullium
831 2491 1247 2581 suscepisse,
1316 2498 1392 2558 ut
1467 2491 1680 2558 simul
1741 2491 1989 2559 artium
2051 2492 2464 2580 optimarum

311 2625 584 2673 causam
631 2605 1027 2693 susciperet,
1073 2607 1217 2693 jam
1275 2604 1600 2673 diximus.
1650 2605 1947 2674 Gratiam
2000 2627 2165 2675 vero
2221 2613 2462 2695 poetae

310 2719 535 2792 Cicero
567 2719 815 2788 referre
846 2718 1156 2801 debebat,
1188 2718 1373 2809 quod
1412 2721 1642 2809 poesis
1684 2720 2199 2810 litterarumque
2229 2741 2463 2790 amore

308 2835 390 2901 ab
438 2855 519 2902 eo
568 2840 747 2902 esset
794 2833 1097 2903 imbutus
1126 2837 1173 2915 ⁸,
1224 2835 1680 2925 Archiamque
1729 2836 1855 2904 sibi
1910 2838 2269 2905 conciliare
2317 2844 2462 2904 stu-

313 2949 535 3035 debat,
588 2956 664 3017 ut
709 2949 1105 3017 inchoatum
1149 2949 1236 3017 de
1283 2950 1645 3018 consulatu
1685 2971 1810 3018 suo
1851 2970 2126 3018 carmen
2165 2952 2459 3020 confice-

315 3075 520 3135 retur.
1018 3071 1027 3076 ’
1839 3061 1842 3066 ’

398 3181 570 3260 Quid
599 3187 827 3249 autem
858 3179 943 3249 de
973 3179 1559 3249 commendaticiis
1589 3179 1898 3268 epistulis
1929 3179 2175 3267 dicam,
2211 3180 2460 3268 quibus

374 3369 416 3414 1.
449 3367 522 3415 De
546 3368 675 3428 div„
701 3369 746 3428 1,
777 3369 855 3423 36,
886 3369 963 3416 79.

368 3439 413 3486 2.
452 3438 522 3486 De
550 3438 742 3488 Roscio
774 3438 897 3486 vide
922 3451 1018 3500 pro
1050 3436 1307 3496 QuinctiO,
1341 3439 1418 3498 25,
1453 3439 1542 3497 Ἱὸς
1572 3452 1671 3502 pro
1707 3438 1884 3487 Roscio
1913 3451 2078 3496 com.,·
2111 3452 2209 3502 pro
2239 3437 2458 3495 Archia,

308 3508 355 3565 8,
382 3510 464 3568 173
495 3507 559 3556 de
590 3509 754 3566 Orat„
786 3508 832 3564 1,
876 3509 951 3565 27,
988 3510 1103 3568 1243
1144 3511 1187 3566 1,
1220 3509 1299 3569 28,
1333 3509 1519 3570 13031,
1548 3511 1632 3569 29,
1673 3510 1792 3568 1323
1825 3510 1869 3570 1,
1905 3509 1980 3567 59,
2010 3509 2128 3569 2513
2161 3511 2204 3566 1,
2229 3511 2311 3569 61,
2337 3512 2457 3568 2583

308 3580 353 3638 2,
380 3581 453 3637 57,
490 3582 606 3640 2333
638 3582 682 3636 3,
712 3581 790 3640 26,
819 3581 934 3638 1023
967 3582 1012 3641 3,
1041 3583 1118 3640 59,
1149 3583 1259 3630 221.

368 3653 413 3699 3.
445 3651 697 3701 Macrobii
726 3651 1033 3714 Satur-naa„
1053 3652 1101 3712 3,
1136 3655 1210 3712 14,
1241 3653 1319 3699 12.

326 3762 333 3770 .
366 3723 412 3769 4.
442 3721 545 3770 Pro
574 3721 759 3782 Sestio,
788 3723 865 3782 56,
900 3722 1135 3780 120—58,
1168 3724 1275 3771 123.
2273 3767 2280 3774 .

364 3794 410 3839 5.
442 3791 697 3842 Macrobii
722 3791 1019 3853 saturnal„
1042 3793 1089 3852 3,
1116 3795 1188 3851 14,
1214 3795 1289 3842 11.
1312 3819 1371 3828 --
1387 3793 1630 3855 Epistula
1652 3792 1723 3842 ad
1745 3793 1803 3852 Q.
1823 3794 1914 3856 fr„
1936 3796 1983 3853 1,
2004 3796 2050 3852 2,
2072 3793 2218 3853 4,14,
2240 3793 2307 3842 Μ.
2331 3793 2452 3842 Tul·

300 3860 406 3911 lius
441 3862 697 3922 Quintum
741 3867 893 3926 rogat
934 3867 991 3913 ut
1032 3863 1225 3927 Aesopi
1268 3877 1481 3913 servum
1527 3864 1811 3923 Licinium,
1853 3863 1942 3926 qui
1983 3863 2250 3923 aufugerit
2299 3867 2354 3912 et
2395 3863 2450 3911 in

300 3932 479 3984 Asiam
510 3933 737 3994 venerit,
763 3933 1187 3996 comprehendat.
1215 3939 1267 3984 et
1296 3933 1349 3982 in
1383 3935 1577 3984 Urbem
1608 3949 1788 3984 secum
1828 3933 2077 3982 deducat.

363 4007 409 4052 6.
438 4003 706 4054 Plutarchi
742 4004 1005 4053 Ciceronis
1033 4005 1158 4061 vila,
1187 4007 1230 4054 5.
1262 4033 1324 4042 —
1357 4004 1431 4054 Ct'.
1454 4005 1708 4055 Macrobii
1745 4001 2042 4060 Salui-nal„
2070 4005 2118 4063 3,
2145 4005 2219 4063 14,
2247 4005 2324 4053 12.

352 4078 415 4124 ,7.
450 4075 552 4124 Pro
585 4075 762 4134 Sextia
800 4076 831 4124 l.
868 4074 903 4124 l.

365 4147 412 4194 8.
441 4146 540 4195 Pro
570 4145 784 4207 Archia,
806 4148 867 4207 1,-
891 4149 947 4206 1;
983 4149 1130 4206 6,12.
