3100 5042
1553 539 1875 602 -20-

631 675 889 760 Graeci,
926 673 1512 764 prosequebantur
1539 676 1603 741 ¹?
1630 674 1937 742 Ciceroni
1974 675 2185 756 enim,
2231 681 2307 744 ut
2342 676 2803 747 litteratorum

631 793 837 862 simul
877 798 944 860 et
976 791 1423 879 locupletium
1460 789 1768 858 virorum
1809 811 2075 858 morem
2112 792 2597 878 aemularetur,
2637 793 2799 863 ideo

630 927 1154 996 nonnumquam
1228 907 1563 975 exarsisse
1636 907 1920 974 insitum
1994 908 2373 976 litterarum
2450 930 2792 996 amorem,

628 1023 800 1092 haec
836 1030 1038 1104 certe,
1102 1041 1189 1090 ne
1236 1021 1452 1089 multa
1506 1021 1809 1106 afferam,
1853 1023 2241 1110 significant
2281 1023 2490 1093 verba
2536 1026 2798 1113 epistu-

627 1141 850 1208 larum
887 1138 972 1207 ad
1019 1138 1316 1204 Atticum
1360 1136 1790 1225 scriptarum,
1835 1138 1905 1204 in
1963 1139 2214 1225 quibus
2260 1137 2347 1207 de
2392 1141 2791 1209 collocando

625 1256 912 1324 Athenis
941 1250 1270 1344 προπύλῳ,
1314 1273 1472 1320 cum
1508 1254 1578 1320 in
1610 1273 1692 1322 eo
1734 1261 1917 1322 esset
1943 1263 2022 1320 ut
2063 1255 2293 1322 Cicero
2326 1255 2555 1323 Cilicia
2593 1255 2793 1325 dece-

625 1371 841 1454 deret,
898 1370 1120 1456 agitur
1162 1394 1177 1436 :
1225 1395 1256 1430 «
1305 1366 1555 1450 Audio,
1596 1368 1839 1457 inquit,
1877 1369 2171 1458 Appium
2216 1368 2539 1460 πρόπυλον
2587 1371 2793 1440 Eleu-

627 1487 772 1555 sine
817 1483 1036 1552 facere
1079 1510 1094 1552 ε
1139 1505 1309 1552 num
1353 1484 1567 1572 inepti
1618 1484 1977 1568 fuerimus,
2022 1485 2079 1552 si
2127 1506 2256 1553 nos
2304 1506 2580 1575 quoque
2618 1488 2791 1555 Aca-

626 1600 891 1670 demiae
920 1600 1406 1668 fecerimus?...
1442 1597 1773 1687 Equidem
1805 1598 2007 1669 valde
2042 1601 2225 1689 ipsas
2248 1601 2555 1670 Athenas
2592 1623 2785 1685 amo;

623 1717 781 1786 volo
839 1736 990 1784 esse
1055 1714 1313 1803 aliquid
1369 1721 1981 1784 monumentum...
2035 1742 2067 1778 ›>
2115 1717 2239 1784 Illa
2294 1718 2522 1806 priora
2576 1739 2782 1806 quam

621 1840 936 1922 prompto
999 1830 1262 1900 animo!
1307 1832 1476 1899 haec
1530 1836 1759 1898 autem
1820 1832 2197 1919 posteriora
2262 1852 2469 1920 quam
2518 1832 2714 1900 tardo
2766 1856 2782 1901 ε

627 1976 659 2010 «
693 1969 804 2016 me
851 1953 1082 2015 tamen
1131 1946 1216 2015 de
1255 1945 1657 2014 Academiae
1684 1943 1987 2036 προπύλῳ
2022 1946 2225 2035 jubes
2269 1948 2594 2037 cogitare,
2630 1969 2791 2017 cum

616 2066 760 2154 jam
793 2063 1050 2152 Appius
1081 2061 1166 2131 de
1196 2062 1516 2130 Eleusine
1555 2082 1697 2131 non
1730 2063 1977 2152 cogitet
2006 2061 2069 2130 ²?
2101 2089 2133 2124 »

1663 2305 1753 2374 IV

707 2479 793 2545 At
837 2475 1077 2565 quidni
1129 2495 1575 2565 properemus
1622 2474 2022 2543 Ciceronem
2070 2474 2161 2541 ibi
2206 2477 2617 2564 perspicere,
2662 2477 2781 2546 ubi

619 2614 776 2661 cum
807 2592 1036 2658 minus
1075 2589 1687 2658 administrandam
1717 2610 1861 2658 rem
1901 2589 2245 2679 publicam
2276 2597 2345 2660 et
2382 2593 2781 2681 opinionem

616 2707 805 2796 vulgi
837 2713 905 2774 et
940 2705 1343 2794 optimatum
1376 2702 1633 2793 judicia
1670 2705 2039 2791 intueatur,
2071 2706 2344 2794 planius
2388 2728 2524 2795 quo
2572 2709 2779 2777 modo

618 2842 778 2911 erga
823 2822 1157 2910 ingenuas
1202 2825 1380 2888 artes
1426 2821 1769 2889 animatus
1814 2821 1902 2888 sit
1948 2842 2089 2889 non
2141 2823 2361 2911 possit
2407 2841 2550 2890 non
2599 2823 2781 2891 indi-

618 2936 811 3008 care?
881 2937 1130 3015 Quidni
1205 2936 1548 3004 Ciceronis
1618 2937 1691 3003 in
1762 2935 2047 3004 domum
2126 2941 2605 3026 penetremus,
2664 2945 2776 3024 ut,

616 3055 865 3144 quibus
920 3053 1252 3122 doctrinis
1307 3051 1560 3121 liberos
1618 3052 1905 3137 excolat,
1972 3059 2041 3120 et
2113 3052 2279 3142 quid
2346 3055 2779 3142 potissimum

617 3172 944 3260 proximis
1011 3170 1292 3239 suadeat
1350 3175 1467 3236 aut
1529 3169 1931 3256 gratuletur,
2001 3175 2071 3237 et
2134 3169 2384 3258 quibus
2440 3170 2514 3235 in
2570 3170 2780 3238 rebus

619 3287 913 3376 optimos
943 3306 980 3354 e
1009 3285 1263 3353 familia
1295 3305 1530 3352 servos
1561 3290 1921 3373 occupatos
1950 3303 2101 3353 esse
2125 3284 2387 3373 jubeat,
2419 3304 2782 3374 recognos-

619 3404 900 3470 camus?

708 3519 970 3593 Quanto
1027 3515 1234 3604 igitur
1297 3535 1502 3602 opere
1558 3514 1849 3582 Tulliam
1904 3521 1973 3583 et
2036 3516 2331 3583 Marcum
2404 3536 2570 3584 suos
2625 3535 2780 3584 eru-

620 3631 908 3700 diendos
957 3631 1314 3714 curaverit,
1365 3631 1638 3718 qualem
1676 3631 1876 3699 etiam
1930 3630 2332 3720 magistrum
2380 3652 2453 3700 se
2502 3632 2588 3700 iis
2630 3632 2779 3720 ipse

619 3746 1028 3838 praebuerit,
1055 3746 1255 3814 valde
1284 3751 1526 3814 notum
1551 3751 1620 3814 et
1641 3746 2059 3814 celebratum
2090 3751 2216 3815 est.
2242 3747 2532 3815 Tulliam
2560 3747 2774 3831 enim,

620 3847 916 3952 effigiem
965 3863 1125 3948 oriS,
1176 3862 1540 3947 sermonis,
1584 3862 1795 3929 animi
1846 3862 2108 3950 paterni
2138 3865 2183 3948 ³,
2233 3863 2475 3932 studiis
2522 3863 2779 3931 sociam

683 4053 726 4100 1.
763 4050 882 4100 vid.
908 4050 1129 4110 Teuffel,
1161 4064 1212 4112 p.
1239 4049 1331 4098 276
1364 4048 1471 4111 (ed.
1508 4048 1585 4109 V;
1616 4051 1640 4108 ἕ
1671 4047 1759 4097 164
1794 4047 1879 4097 e'd.
1911 4047 2018 4110 111).

679 4125 726 4171 2.
756 4121 991 4178 aaut„
1024 4124 1072 4182 6,
1105 4122 1149 4182 1,
1181 4121 1268 4181 26;
1300 4122 1347 4182 6,
1368 4122 1416 4183 6,
1446 4121 1492 4168 2.

680 4197 726 4244 3.
752 4192 835 4242 Ad
861 4192 921 4252 Q.
956 4193 1053 4256 fr„
1089 4194 1134 4252 1,
1166 4194 1213 4252 3,
1245 4195 1292 4242 3.
