3100 5042
1523 483 1846 547 -22-

603 619 1066 708 eloquentiam
1107 618 1510 709 pertinebat,
1556 620 1641 687 de
1676 620 2070 688 Partitione
2106 620 2417 688 orator-la
2458 617 2765 709 dialog0‚

605 735 791 824 quod
856 735 942 803 ad
1015 736 1539 825 philosophiam,
1604 734 2079 824 pulcherrimis
2154 734 2288 802 illis
2346 736 2432 804 de
2486 736 2767 822 Officiis

605 850 828 936 libris3
855 871 989 940 qua
1018 849 1103 920 de
1139 871 1211 920 re
1255 852 1438 919 enim
1471 853 1699 940 potius
1740 858 1929 940 pater
1964 850 2108 919 filio
2146 851 2767 920 commentaretur‘?

695 967 842 1035 Non
893 973 1120 1036 autem
1171 966 1424 1035 liberos
1470 972 1738 1034 tantum
1786 966 1871 1034 ad
1919 967 2254 1056 ingenuas
2302 972 2481 1035 artes
2528 968 2761 1036 cohor·

607 1082 872 1150 tabat-ur
914 1081 1475 1171 impellebatque;
1529 1081 1677 1166 sed,
1720 1088 1999 1172 excepta
2038 1082 2372 1168 Terentia,
2416 1083 2522 1150 cui
2562 1102 2762 1151 curae

606 1198 820 1267 fuisse
858 1198 1081 1266 mariti
1113 1198 1184 1265 in
1214 1217 1287 1266 re
1321 1197 1617 1287 publica,
1652 1218 1792 1266 non
1832 1197 1903 1265 in
1940 1198 2179 1267 litteris
2220 1204 2483 1286 partam
2514 1199 2762 1266 famam

601 1317 755 1402 jure
804 1313 1081 1403 quidem
1121 1313 1740 1382 existimaverimus
1783 1317 1826 1398 ¹,
1870 1314 2294 1403 propinquos
2338 1333 2580 1382 omnes
2618 1320 2765 1381 stu-

610 1429 905 1516 diorum,
949 1427 1290 1514 laborum,
1333 1429 1559 1498 laudis
1596 1429 1805 1498 etiam
1854 1450 2018 1498 suae
2057 1430 2417 1519 participes
2463 1428 2766 1518 quodam

608 1544 817 1614 modo
856 1565 1010 1614 esse
1050 1544 1294 1630 voluit,
1341 1546 1587 1614 merito
1618 1545 1875 1614 scilicet
1910 1550 2098 1614 ratus
2127 1544 2451 1634 quicquid
2494 1544 2765 1614 Cicero-

612 1661 816 1730 nibus
873 1660 1156 1730 honoris
1211 1661 1576 1730 adderetur
1640 1661 1769 1751 ipsi
1819 1662 2220 1730 Ciceronum
2268 1661 2570 1728 maximo
2621 1679 2767 1728 non

610 1777 802 1866 eripi,
833 1777 953 1846 sed
987 1778 1214 1868 potius
1259 1797 1517 1845 novum
1558 1776 1841 1867 adjungi
1881 1782 2385 1846 ornamentum.
2432 1777 2766 1854 Quintum

611 1893 818 1983 igitur
881 1893 1187 1977 fratrem,
1243 1899 1607 1982 postquam
1652 1894 1796 1961 sive
1850 1891 2130 1980 judicic,
2190 1892 2333 1962 sive
2380 1890 2645 1981 pudore
2700 1900 2771 1960 et

611 2007 970 2076 timiditate
1017 2007 1310 2097 quadam
1353 2009 1655 2096 ingenua
1694 2028 1734 2075 a
1773 2006 2062 2076 dicendo
2102 2009 2467 2096 refugerat,
2500 2012 2642 2087 aut,
2691 2015 2770 2074 ut

613 2124 758 2213 ipse
782 2123 993 2213 jocari
1027 2123 1313 2210 solebat,
1355 2143 1576 2192 unum
1605 2129 1961 2213 putaverat
1990 2123 2153 2192 satis
2184 2142 2335 2192 esse
2365 2142 2507 2190 non
2556 2121 2767 2190 modo

612 2240 682 2307 in
731 2259 868 2308 una
923 2239 1198 2324 familia,
1262 2238 1383 2308 sed
1431 2259 1651 2328 paene
1696 2240 1770 2306 in
1820 2245 1959 2307 tota
2006 2239 2276 2307 civitate
2325 2239 2666 2308 rhetorem
2716 2239 2765 2322 ²,

616 2356 766 2424 aliis
796 2356 1039 2424 saltem
1067 2356 1438 2444 multisque
1468 2353 1711 2423 studiis
1755 2359 2110 2423 vacantem
2152 2353 2424 2422 fovebat
2456 2381 2471 2422 z
2518 2373 2769 2441 nempe

617 2471 841 2538 soluta
871 2471 1174 2540 oratione
1205 2471 1355 2559 ejus
1394 2470 1569 2538 nihil
1607 2475 1724 2538 aut
1762 2469 2078 2538 subtilius
2118 2475 2235 2537 aut
2272 2469 2578 2537 ornatius
2617 2489 2769 2538 esse

619 2607 821 2675 posse
841 2589 864 2622 ²
891 2586 1146 2654 blande
1182 2585 1649 2671 adseverabat,
1676 2586 1746 2653 in
1777 2585 2092 2655 versibus
2129 2591 2357 2654 autem
2390 2583 2769 2654 scribendis

620 2704 770 2771 sine
815 2702 956 2770 ulla
1001 2702 1219 2769 ironia
1275 2701 1674 2790 loquentem
1720 2720 1795 2769 se
1843 2701 2063 2769 aiebat
2109 2700 2369 2789 priores
2412 2700 2512 2767 illi
2560 2721 2768 2788 quam

622 2818 748 2887 sibi
787 2823 1015 2907 partes
1061 2817 1358 2885 tribuere
1386 2822 1440 2900 ‘3
1484 2816 1643 2885 ideo
1670 2815 2002 2906 'quattuor
2048 2815 2425 2906 tragoedias
2470 2814 2770 2884 sedecim

623 2934 865 3004 diebus
905 2933 1288 3003 absolventi
1327 2931 1659 3001 suadebat
1694 2937 1774 3000 ut
1809 2930 2054 3021 po‘ema
2092 2931 2179 3000 de
2222 2931 2564 3000 Britannia
2602 2952 2771 3000 con-

623 3051 971 3136 scriberet,
1005 3070 1384 3138 versusque
1421 3050 1591 3138 ipse,
1627 3049 1878 3136 quibus
1905 3068 2151 3137 poema
2188 3046 2664 3136 adaugeretur,
2697 3067 2771 3115 se

622 3170 997 3236 missurum
1036 3164 1565 3256 pollicebatur⁸⁵3
1612 3165 1774 3232 item
1814 3164 1887 3230 in
1927 3162 2210 3231 Philisto
2251 3168 2320 3231 et
2356 3162 2772 3231 Callisthene

622 3284 928 3354 volutato
974 3289 1209 3350 auctor
1245 3286 1388 3349 erat
1433 3287 1511 3348 ut
1546 3280 1903 3348 historiam
1945 3277 2431 3367 aggrederetur
2466 3280 2512 3364 ⁶,
2554 3297 2773 3345 anna-

623 3401 863 3488 lesque
902 3403 1123 3482 antea,
1171 3397 1243 3463 in
1283 3396 1534 3485 quibus
1573 3396 1924 3480 Quintum,
1974 3393 2312 3462 fraternae
2359 3393 2772 3462 auctoritatis

625 3513 1036 3598 studiosum,
1097 3512 1475 3582 consularis
1533 3511 1762 3579 fratris
1817 3530 2185 3580 exornasse
2243 3509 2327 3579 de
2378 3530 2451 3578 re
2504 3508 2774 3598 publica

690 3791 734 3838 1.
770 3789 888 3838 vid.
919 3789 1171 3850 Boissier‚
1207 3788 1312 3838 Cic.
1348 3791 1397 3838 et
1416 3790 1498 3838 ses
1517 3787 1669 3848 amz'S,
1704 3801 1758 3852 p.
1790 3788 1867 3836 96.

688 3863 736 3910 2.
765 3860 840 3909 De
869 3865 1023 3919 orat„
1055 3863 1102 3921 2,
1135 3864 1180 3922 3,
1208 3863 1282 3910 10.

688 3938 735 3984 3.
757 3935 831 3984 De
861 3936 1019 3994 orat„
1049 3934 1096 3993 2,
1127 3936 1173 3993 3,
1211 3934 1288 3981 10.

689 4007 735 4055 4.
765 4005 851 4055 Ad
875 4007 932 4066 Q.
958 4005 1053 4067 fr„
1091 4007 1138 4064 3,
1166 4006 1212 4064 4,
1241 4005 1298 4065 43
1325 4003 1391 4052 cf.
1423 4004 1470 4063 3,
1503 4005 1549 4062 5,
1575 4003 1624 4052 4.

689 4081 732 4127 5.
769 4078 852 4126 Ad
883 4078 942 4137 Q.
968 4078 1061 4140 fr„
1099 4077 1146 4137 2,
1179 4077 1255 4136 45,
1281 4077 1338 4136 4;
1369 4076 1417 4136 3,
1453 4077 1480 4124 5
1507 4078 1561 4124 et
1590 4076 1637 4134 6,
1665 4072 1714 4120 ·1.

688 4151 734 4199 6.
764 4148 847 4197 Ad
879 4149 936 4209 Q.
958 4149 1052 4212 pr„
1085 4148 1132 4209 2,
1165 4148 1241 4208 11,
1277 4148 1323 4195 4.
