3100 5042
616 681 796 749 hanc
844 679 1011 746 mihi
1068 699 1210 746 non
1264 677 1452 746 daret
1506 679 1808 762 veniam,
1857 685 1960 763 ut,
2015 699 2170 747 cum
2219 700 2411 749 meae
2459 681 2768 752 forenses

611 802 793 864 artes
822 803 891 864 et
922 795 1225 864 actiones
1254 793 1568 882 publicae
1599 793 2082 876 concidissent,
2118 815 2260 863 non
2291 816 2402 864 me
2433 804 2550 865 aut
2586 797 2767 867 desi-

610 911 789 995 diae,
869 909 1051 1000 quod
1118 909 1337 978 facere
1394 928 1537 976 non
1601 929 1919 997 possum,
1983 914 2100 976 aut
2179 912 2588 995 maestitiae,
2657 915 2766 982 cui

613 1027 883 1106 resist0‚
919 1026 1143 1114 potius
1182 1043 1388 1112 quam
1429 1024 1672 1092 litteris
1709 1022 2080 1093 dederem‘?
2107 1025 2293 1102 Quae
2333 1025 2612 1115 quidem
2657 1049 2766 1096 me

608 1149 811 1211 antea
836 1142 901 1208 in
932 1140 1189 1230 judicia
1216 1145 1419 1228 atque
1448 1139 1517 1206 in
1551 1140 1811 1207 curiam
1842 1138 2297 1225 deducebant,
2332 1162 2520 1209 nunc
2549 1143 2768 1212 oblec-

614 1263 761 1324 tant
806 1255 1015 1323 domi.
1063 1282 1096 1317 »
1141 1256 1484 1332 Quantum
1542 1253 1750 1342 igitur
1799 1253 2142 1322 fluctuarit
2180 1263 2248 1322 et
2293 1257 2365 1322 in
2414 1255 2767 1326 diversum

612 1378 866 1440 tractus
895 1372 982 1439 sit
1012 1369 1566 1458 manifestissime
1593 1377 1894 1459 apparet.

1647 1751 1735 1820 IV

702 2003 961 2092 Quippe
1008 2021 1410 2088 numquam,
1446 2001 1574 2069 etsi
1629 2000 1726 2069 rei
1773 1999 2087 2089 publicae
2140 1999 2542 2069 condicione
2594 2001 2761 2069 scri-

611 2119 773 2186 bere
815 2116 1077 2205 aliquid
1122 2116 1498 2204 litterisque
1540 2135 1783 2184 vacare
1842 2115 2233 2205 cogebatur,
2287 2116 2764 2204 cogitationem

608 2232 993 2301 dimittebat
1034 2232 1285 2320 quibus
1328 2230 1707 2298 honoribus
1750 2231 2114 2299 defunctus
2149 2237 2330 2300 esset
2368 2236 2484 2299 aut
2530 2238 2766 2320 postea

614 2355 847 2438 posset
889 2347 1192 2436 defungi.
1238 2347 1457 2435 Atque
1495 2347 1700 2415 etiam
1739 2367 1896 2414 cum
1936 2346 2023 2416 de
2057 2347 2286 2414 latinis
2324 2346 2765 2436 scriptoribus

610 2471 729 2533 aut
768 2464 853 2532 de
884 2464 1117 2552 lingua
1148 2463 1355 2531 latina
1386 2462 1644 2552 judicia
1682 2459 1932 2531 faceret
1962 2464 2007 2548 ¹,
2043 2483 2184 2531 non
2235 2463 2464 2531 minus
2510 2463 2764 2551 patriae

609 2601 821 2667 quam
851 2579 1093 2646 litteris
1124 2579 1571 2668 prospicienS,
1606 2585 1681 2646 ut
1711 2579 1919 2646 simul
1961 2587 2284 2647 constans
2321 2581 2419 2647 rei
2454 2579 2764 2668 publicae

610 2694 939 2763 defensor
976 2699 1045 2761 et
1075 2693 1300 2761 bonus
1330 2693 1708 2761 litterarum
1748 2693 2168 2762 existimator
2195 2694 2563 2779 videretur,
2598 2715 2760 2763 con-

610 2809 885 2878 sulebat
912 2810 956 2874 ².
1002 2809 1293 2875 Suorum
1338 2808 1541 2897 igitur
1581 2808 1833 2878 civium
1874 2809 2150 2897 ingenia
2189 2809 2482 2876 multum
2523 2810 2762 2878 ceteris

614 2922 1010 2993 hominibus
1068 2923 1374 2990 omnium
1426 2923 1736 3010 gentium
1803 2928 2143 3012 praestare
2195 2921 2544 2990 interdum
2598 2943 2760 2991 con-

606 3040 834 3110 tendit
860 3042 905 3124 ³,
959 3046 1328 3128 poetasque
1386 3059 1560 3127 quos
1618 3039 1764 3127 ipse
1829 3038 2117 3106 minoris
2169 3037 2459 3106 faciebat
2501 3039 2559 3106 si
2611 3038 2762 3126 quis

607 3163 842 3245 aperte
881 3162 1405 3244 contempserat,
1464 3152 1743 3223 eosdem
1783 3154 2130 3235 acerrime,
2176 3173 2264 3222 ne
2311 3153 2479 3241 quid
2528 3154 2762 3242 populi

609 3272 875 3339 romani
936 3270 1189 3357 gloriae
1264 3269 1762 3353 detraheretur,
1835 3267 2243 3337 defendebat
2300 3275 2368 3336 et
2437 3268 2758 3337 laudibus

603 3384 949 3454 efferebat.
988 3384 1189 3452 Velut
1216 3383 1575 3468 Naevium,
1611 3385 1807 3471 cujus
1835 3384 2086 3452 fabulis
2125 3404 2364 3472 parum
2412 3384 2759 3454 studuisse

610 3501 1028 3583 Ciceronem,
1062 3499 1218 3567 licet
1246 3500 1330 3566 iis
1368 3519 1442 3567 se
1472 3498 1790 3568 delectari
1823 3506 2172 3589 tamquam
2213 3519 2420 3588 opere
2462 3501 2760 3587 Myronis

669 3757 718 3802 1.
748 3755 821 3804 De
846 3755 913 3803 Μ.
944 3755 1115 3804 Tullio
1148 3761 1389 3808 veterum
1423 3763 1704 3820 poetarum
1738 3759 2035 3809 latinorum
2076 3759 2264 3821 judice
2307 3759 2431 3809 vide
2473 3759 2757 3808 Ernestum

602 3825 989 3886 Schollmeyer‚
1013 3825 1150 3886 Quid
1183 3828 1359 3877 Cicero
1386 3830 1451 3878 de
1472 3830 1642 3892 poetis
1673 3830 2020 3880 Romanorum
2031 3830 2380 3894 judicaverit,
2410 3829 2576 3890 Hans,
2609 3830 2758 3884 1884;

610 3897 776 3956 Patin,
800 3895 998 3945 Etudes
1028 3911 1121 3945 sm·
1150 3897 1202 3947 la
1220 3900 1386 3961 poesie
1416 3900 1598 3961 latine,
1630 3904 1688 3953 20
1717 3900 1866 3961 edit„
1899 3903 1927 3949 2
1954 3901 2081 3962 vol„
2113 3901 2282 3962 PariS‚
2313 3901 2594 3960 Hachette,
2622 3901 2757 3960 1875,

606 3968 671 4026 11,
702 3967 865 4024 18-20,
899 3970 975 4028 62,
1012 3969 1119 4030 126,
1164 3971 1272 4030 130,
1309 3972 1415 4035 142,
1449 3972 1560 4034 415,
1591 3971 1834 4034 aliosque
1882 3971 2058 4033 locos;
2092 3972 2436 4035 maximeque
2473 3971 2668 4031 Kubik,
2699 3971 2760 4021 de

600 4039 673 4086 M.
710 4039 759 4086 T.
782 4038 884 4088 Cic.
901 4040 1037 4101 poet.
1071 4038 1165 4089 lat.
1197 4042 1261 4088 st.

667 4111 713 4157 2.
741 4109 814 4158 Cf.
849 4110 1163 4172 Mommsen,
1194 4113 1299 4162 vol.
1327 4113 1460 4172 V111,
1490 4127 1543 4173 p.
1575 4115 1803 4164 221-222.

668 4182 715 4230 3.
745 4181 819 4229 De
846 4184 1001 4245 orac„
1031 4183 1076 4245 1,
1108 4184 1155 4245 4,
1188 4185 1272 4245 153
1308 4185 1449 4235 Tusc.
1476 4184 1632 4248 disp„
1657 4186 1701 4249 1,
1728 4189 1774 4246 1,
1809 4187 1851 4236 1.
