3100 5042
1262 508 1580 572 -55-

349 646 503 734 pius
534 643 913 714 maledictis
949 643 1209 714 Julium
1248 643 1609 713 Caesarem
1647 643 2024 728 lacessivit3
2061 641 2234 712 adeo
2273 647 2520 734 autem,

352 761 623 829 civilem
676 761 1073 845 scientiam,
1125 780 1282 828 cum
1338 757 1424 827 de
1471 757 1908 848 philosophia
1961 763 2298 845 ageretur,
2359 777 2501 825 res-

350 879 550 966 pexit,
600 885 705 962 ut,
747 877 834 946 de
875 883 1225 946 senectute
1265 879 1580 966 loquenS,
1624 875 2196 965 pragmaticorum
2233 880 2500 942 tantum

351 993 713 1062 hominum
742 998 1167 1062 senectutem
1196 992 1599 1082 depinxerit.

1396 1307 1457 1374 II

436 1505 624 1581 Quae
668 1523 825 1570 cum
864 1503 955 1569 ita
1004 1503 1166 1586 sint,
1205 1501 1487 1569 minime
1535 1499 1817 1589 quidem
1865 1500 2299 1570 infitiandum
2349 1502 2504 1572 ideo

351 1641 623 1710 quoque
644 1619 950 1688 Ciceroni
980 1620 1407 1709 propositum
1434 1619 1649 1687 fuisse
1679 1638 1752 1687 se
1784 1623 2002 1686 totum
2033 1620 2505 1709 philosophiae

351 1737 641 1824 tradere,
687 1734 871 1825 quod
917 1757 958 1803 a
1006 1737 1226 1825 primo
1275 1742 1584 1824 tempore
1631 1736 1872 1804 aetatis
1921 1756 2001 1804 eo
2052 1736 2275 1803 studio
2325 1743 2506 1805 esset

352 1851 752 1936 delectatus,
778 1850 1323 1940 defatigatusque
1351 1852 1624 1918 animus
1654 1857 1719 1920 et
1750 1851 1863 1919 vel
1891 1851 2147 1919 forensi
2171 1850 2365 1919 clade
2394 1853 2504 1920 vel

348 1967 727 2037 domestico
767 1967 955 2035 luctu
1011 1985 1212 2054 aeger
1254 1966 1522 2034 nullum
1573 1967 1794 2055 majus
1846 1967 2278 2035 miseriarum
2316 1967 2503 2036 leva-

348 2089 659 2151 mentum
704 2083 1000 2170 reperire
1038 2086 1295 2170 posset.
1332 2081 1501 2150 Aliis
1538 2103 1704 2151 vero
1748 2081 2118 2172 multisque
2159 2081 2242 2151 de
2281 2083 2502 2151 causis

348 2199 435 2266 ad
464 2200 599 2268 hoc
627 2219 767 2267 non
800 2197 1260 2286 injucundum
1299 2219 1473 2286 opus
1512 2197 1902 2266 faciendum
1940 2199 2326 2268 accedebat.
2366 2199 2536 2288 Ipsi.

349 2314 561 2398 enim,
609 2315 934 2403 quoniam
983 2314 1310 2382 oratorias
1358 2315 1872 2382 exercitationes
1916 2335 2056 2383 non
2111 2315 2499 2402 reliquerat,

350 2429 550 2498 valde
619 2428 939 2518 proderat
1006 2430 1137 2498 hoc
1210 2450 1428 2519 genus
1504 2429 1980 2520 philosophiae
2037 2432 2254 2518 sequi,
2317 2429 2500 2517 quod

350 2566 673 2634 magnam
711 2545 1003 2613 habebat
1042 2566 1195 2613 cum
1250 2554 1515 2614 oratore
1565 2547 1958 2615 societatem
1997 2549 2050 2628 ¹3
2105 2545 2504 2634 civibusque

350 2662 489 2729 suis
549 2662 877 2750 quoniam
930 2661 1040 2730 vel
1108 2662 1413 2750 privatus
1478 2682 1758 2751 operam
1825 2683 2074 2732 navare
2129 2660 2502 2752 praedicari

348 2776 684 2865 cupiebat,
742 2777 1003 2844 nullam
1058 2781 1236 2846 certe
1293 2777 1674 2846 doctrinam
1741 2780 2076 2868 potiorem
2124 2776 2493 2868 judicabat,

350 2911 482 2978 qua
542 2891 827 2959 Romani
887 2890 1226 2960 doctiores
1288 2893 1531 2960 fierent
1574 2895 1620 2977 ²,
1681 2900 1750 2963 et
1795 2896 2128 2983 juventus
2186 2893 2504 2959 institue-

349 3011 558 3093 retur,
594 3026 767 3093 quae
796 3007 889 3074 ita
921 3007 1227 3075 moribus
1264 3007 1583 3096 prolapsa
1619 3016 1763 3076 erat
1801 3016 1875 3076 ut
1913 3009 2224 3077 omnium
2257 3005 2500 3094 opibus

348 3121 759 3204 refrenanda
812 3127 995 3190 esset
1057 3131 1259 3210 atque
1326 3121 1703 3190 coercenda
1740 3125 1807 3208 ³3
1869 3124 2120 3191 civitati
2200 3121 2500 3209 denique

348 3237 511 3325 quid
568 3236 957 3306 condonare
1012 3242 1278 3326 poterat
1343 3236 1525 3326 quod
1586 3237 1799 3326 pluris
1859 3237 1946 3305 ad
2010 3237 2221 3306 decus
2295 3243 2361 3305 et
2413 3237 2499 3304 ad

346 3349 622 3420 laudem
649 3353 1037 3436 interesset,
1071 3352 1204 3419 nisi
1236 3356 1309 3420 ut
1336 3358 1608 3440 ereptae
1649 3352 1918 3423 Graecis
1948 3373 2057 3422 res
2089 3361 2226 3422 tam
2257 3374 2500 3444 graves

346 3473 621 3556 tamque
648 3467 1034 3556 praeclarae
1063 3466 1293 3535 latinis
1316 3468 1461 3556 Jam
1490 3468 1733 3538 litteris
1763 3471 2275 3540 continerentur
2304 3469 2366 3538 ⁴?

433 3583 605 3649 Nam
642 3583 850 3650 etiam
894 3587 1040 3650 tum
1080 3582 1515 3672 philosophia
1555 3583 1893 3667 Graeciae,
1940 3586 2053 3653 ubi
2085 3591 2243 3654 nata
2288 3593 2494 3672 esset,

346 3801 437 3850 tur
460 3798 530 3847 Μ.
570 3797 620 3847 Τ.
659 3798 919 3848 Ciceronis
950 3798 1149 3864 officia,
1182 3798 1422 3850 Lutetiae
1460 3801 1806 3863 Parisiorum,
1836 3803 2056 3865 Thorin‚
2086 3805 2223 3864 1867,
2251 3816 2304 3866 p.
2337 3802 2496 3864 29-30,

346 3873 400 3919 et
425 3869 772 3929 Thiaucourt„
802 3870 961 3919 Essai
988 3883 1082 3918 sur
1110 3868 1185 3918 les
1215 3870 1401 3919 traite's
1430 3870 1563 3932 phil.
1591 3871 1654 3921 de
1687 3871 1810 3934 Cic„
1836 3887 1888 3935 p.
1925 3875 2034 3924 317.

411 3943 455 3989 1.
486 3940 560 3989 De
584 3941 719 4004 fato,
750 3941 797 4001 2,
829 3941 877 3989 3.
1782 3972 1790 3980 »

409 4012 456 4060 2.
488 4011 563 4060 De
583 4012 699 4074 fin„
733 4012 779 4071 1,
806 4013 854 4071 4,
881 4013 957 4060 10.

408 4081 453 4130 3.
485 4081 561 4130 De
593 4080 720 4139 div„
752 4082 797 4139 2,
820 4083 867 4142 2,
900 4083 946 4130 4.

407 4155 453 4200 4.
487 4153 560 4202 De
588 4155 701 4202 nat.
727 4151 962 4214 deorum,
994 4155 1041 4214 1,
1070 4154 1120 4211 4,
1153 4156 1196 4204 7.
