3100 5042
1524 447 1847 514 ..24—

603 585 988 654 inservivit.
1023 584 1245 674 Hujus
1271 590 1502 652 autem
1539 583 1703 666 vita,
1739 583 2069 652 illustrior
2104 584 2383 674 quidem
2430 607 2641 674 quam
2682 593 2763 655 ut

603 700 860 768 iterum
917 707 1230 768 narretur
1281 702 1324 783 ¹,
1377 697 1792 768 documento
1840 699 2039 769 nobis
2085 721 2239 769 esse
2298 708 2523 790 potest
2575 703 2763 790 quali

603 835 840 885 amore
878 815 1208 884 litteratos
1245 834 1486 883 servos
1515 815 1601 881 M.
1637 814 1901 883 Tullius
1936 817 2299 906 complecti
2336 816 2581 886 solitus
2616 819 2702 886 sit
2734 845 2750 886 :

605 938 683 1000 ut
732 931 917 1000 enim
949 952 1106 1000 eum
1137 930 1224 999 ab
1252 931 1535 1000 ineunte
1565 937 1783 999 aetate
1812 930 2181 1000 liberaliter
2221 932 2630 1013 instituerat,
2663 934 2756 1002 ita

603 1046 852 1117 eodem
913 1055 1150 1137 postea
1203 1047 1512 1136 adjutore
1564 1053 1633 1115 et
1687 1047 1879 1134 quasi
1938 1047 2342 1116 administro
2390 1048 2462 1114 in
2511 1048 2757 1117 studiis

602 1163 978 1232 litterarum
1011 1183 1178 1232 usus
1207 1169 1312 1230 est
1344 1164 1392 1247 ²,
1425 1163 1532 1230 cui
1566 1163 1928 1252 magnifica
1954 1163 2139 1248 fidei,
2180 1163 2584 1249 industriae,
2622 1166 2756 1232 uti-

603 1280 874 1348 litatum
897 1278 1288 1346 testimonia
1307 1277 1518 1346 dedit.
1544 1305 1578 1341 «
1605 1278 2161 1364 Innumerabilia,
2186 1280 2433 1368 inquit,
2460 1287 2575 1348 tua
2594 1287 2759 1348 sunt

603 1393 680 1460 in
717 1414 830 1462 me
868 1394 1110 1478 officia,
1154 1393 1548 1474 domestica,
1592 1393 1919 1480 forensia,
1957 1394 2241 1481 urbana,
2284 1396 2751 1484 provincialia,

605 1509 679 1577 in
713 1529 784 1578 re
814 1509 1098 1598 privata,
1137 1510 1207 1576 in
1239 1508 1530 1597 publica,
1571 1509 1645 1577 in
1682 1508 1950 1596 studiis,
1994 1510 2066 1577 in
2105 1511 2346 1580 litteris
2386 1511 2643 1580 nostris
2674 1532 2750 1594 »;

604 1632 671 1695 et
701 1625 831 1694 alio
863 1625 1012 1694 loco
1048 1653 1062 1694 ε
1102 1654 1134 1688 «
1169 1633 1264 1707 tu,
1303 1626 1551 1714 inquit,
1578 1626 1693 1714 qui
1722 1627 1925 1692 κανὼν
1955 1646 2108 1695 esse
2138 1647 2451 1695 meorum
2480 1628 2759 1716 scripto-

600 1764 754 1811 rum
793 1744 976 1812 soles
1021 1745 1067 1811 ³.
1124 1770 1155 1804 »
1199 1743 1411 1820 Quam
1451 1741 1758 1811 humane
1804 1749 1874 1810 et
1911 1763 2117 1830 quam
2162 1750 2471 1811 amanter
2511 1762 2757 1829 aegro-

607 1866 868 1929 tantem
923 1864 1113 1947 rogat
1168 1865 1243 1926 ut
1303 1857 1769 1927 valetudinem
1836 1864 2060 1943 curet,
2131 1864 2200 1927 et
2268 1859 2756 1948 peritissimum

605 1994 946 2064 quemque
1000 1973 1344 2041 medicum
1395 1973 1740 2056 adhibeat,
1796 1993 1971 2042 neve
2019 1974 2161 2042 ulla
2212 1975 2283 2042 in
2331 1995 2403 2043 re
2450 1973 2754 2064 sumptui

612 2088 872 2180 parcat!
912 2115 945 2151 «
979 2089 1158 2156 Nihil
1189 2090 1598 2177 properaris,
1640 2090 1892 2177 inquit;
1926 2090 2090 2158 satis
2126 2091 2257 2158 cito
2297 2096 2363 2158 te
2400 2090 2661 2172 videro,
2696 2090 2755 2157 si

607 2206 892 2274 valebis.
944 2204 1357 2274 Utilitatibus
1391 2205 1527 2272 tuis
1575 2226 1859 2293 possum
1906 2226 2134 2275 carere
2180 2230 2195 2271 :
2253 2214 2318 2276 te
2364 2206 2593 2276 valere
2639 2212 2753 2274 tua

605 2341 809 2393 causa
837 2321 1137 2411 primum
1165 2321 1350 2407 volo,
1395 2329 1542 2388 tum
1582 2341 1759 2404 mea,
1791 2323 1885 2389 mi
1923 2322 2075 2390 Tiro
2111 2323 2157 2389 ⁴.
2198 2349 2231 2383 »
2280 2322 2552 2390 Talibus
2588 2343 2753 2391 vero

604 2437 832 2508 verbis
892 2439 1297 2528 plerumque
1365 2457 1504 2505 non
1571 2444 1793 2526 potest
1847 2439 2075 2507 Cicero
2132 2438 2300 2526 quin
2356 2437 2621 2526 adjiciat
2677 2459 2750 2506 se

609 2555 1184 2644 opportunitatem
1214 2553 1475 2621 Tironis
1504 2574 1750 2643 operae
1782 2554 2105 2622 omnibus
2141 2555 2309 2622 locis
2338 2552 2749 2638 desiderare,

602 2676 669 2738 et
717 2670 866 2738 sine
913 2670 1156 2738 Tirone
1193 2669 1425 2737 omnia
1473 2690 1595 2737 sua
1643 2677 1833 2738 muta
1869 2690 2043 2750 esse,
2078 2677 2147 2738 et
2182 2670 2497 2738 Tironem
2536 2671 2753 2739 amice

603 2785 964 2872 facturum,
999 2786 1057 2854 si
1094 2785 1420 2852 Tullianis
1446 2786 1663 2854 musis
1692 2793 1768 2854 ut
1796 2807 2039 2875 operas
2066 2785 2307 2855 reddat
2334 2793 2522 2876 paret
2549 2789 2596 2855 ὅ.

663 3048 708 3094 1.
741 3045 860 3095 vid.
891 3045 1144 3102 Boissier,
1180 3045 1286 3095 Cic.
1318 3048 1470 3094 atses
1495 3044 1648 3107 amis,
1682 3059 1732 3105 p.
1766 3047 1987 3095 114-117.

672 3119 718 3164 2.
750 3117 810 3165 Α.
843 3118 973 3167 Gell.
1010 3118 1156 3166 Noct.
1193 3117 1362 3177 attic„
1394 3119 1440 3177 6,
1477 3118 1522 3178 3,
1556 3117 1609 3176 83
1644 3117 1721 3176 13,
1751 3118 1800 3179 9,
1828 3118 1871 3164 1.
1903 3143 1963 3152 -
1993 3116 2069 3166 cf.
2101 3117 2233 3165 haec
2270 3115 2543 3165 Ciceronis
2582 3114 2751 3178 ipsius

610 3190 677 3237 ad
711 3187 957 3237 Tironem
985 3188 1186 3251 scripta
1212 3203 1224 3236 :
1254 3206 1279 3232 «
1312 3188 1389 3236 Tu
1420 3187 1467 3236 si
1501 3200 1600 3236 nos
1629 3200 1817 3237 omnes
1848 3201 1997 3238 amas
2026 3190 2082 3237 et
2110 3186 2392 3250 praecipue
2422 3199 2526 3247 me,
2557 3185 2751 3248 magis·

612 3261 752 3308 trum
787 3263 998 3309 tuum...
1037 3278 1061 3304 »
1095 3261 1298 3323 (Epist.,
1330 3261 1405 3317 16,
1433 3263 1480 3320 3,
1514 3261 1578 3322 1).

671 3331 717 3378 3.
747 3330 936 3392 Epist„
964 3333 1040 3391 16,
1070 3333 1118 3392 4,
1154 3332 1207 3393 3;
1235 3333 1309 3391 16,
1329 3332 1475 3391 17,1.

679 3403 728 3450 4.
757 3401 953 3465 Epist„
984 3403 1062 3462 16,
1091 3404 1139 3460 3,
1166 3404 1212 3450 2.
1249 3428 1313 3438 -
1337 3401 1411 3451 cf.
1434 3401 1507 3452 ad
1528 3403 1662 3463 Ate„
1692 3406 1739 3462 7,
1771 3407 1818 3462 5,
1848 3406 1894 3453 2.

671 3474 716 3520 5.
745 3473 935 3535 Epist„
969 3473 1044 3532 16,
1075 3474 1153 3532 11,
1191 3476 1244 3533 1;
1279 3474 1353 3531 16,
1387 3475 1462 3536 10,
1498 3477 1553 3536 2;
1595 3474 1726 3524 alias
1762 3477 1941 3538 plures
1980 3489 2046 3525 ex
2086 3475 2277 3526 eodem
2317 3475 2455 3524 libro
2498 3473 2753 3536 epistulas

613 3543 856 3593 conferas
876 3543 1055 3592 velim.
1085 3572 1148 3580 —
1172 3545 1412 3607 Dionysii
1450 3545 1577 3595 item
1617 3560 1680 3596 ex
1721 3546 1985 3597 doctrinis
2020 3545 2256 3610 aliquem
2288 3547 2519 3595 fructum
2554 3557 2586 3592 a
2614 3543 2753 3593 Cice·

607 3628 738 3664 rone
775 3617 1080 3676 perceptum
1113 3615 1314 3665 indicio
1344 3629 1463 3666 esse
1482 3617 1648 3668 verba
1673 3619 1803 3669 haec
1832 3618 2120 3668 videntur:
2149 3640 2169 3659 α
2192 3617 2507 3680 Dionysium
2528 3615 2749 3665 velim...

612 3699 771 3748 roges
815 3691 868 3735 et
894 3686 1107 3736 hortere
1137 3692 1196 3736 ut
1216 3701 1377 3750 quam
1408 3690 1644 3750 primum
1688 3690 1885 3751 veniat,
1918 3693 1978 3739 ut.
2022 3689 2192 3753 possit
2223 3689 2532 3739 Ciceronem
2572 3697 2751 3734 meum

604 3760 764 3820 atque
807 3757 967 3807 etiam
1000 3771 1085 3808 me
1119 3758 1293 3820 ipsum
1326 3759 1539 3810 erudire
1570 3779 1616 3823 »,
1647 3760 1719 3808 ad
1749 3761 1878 3823 Alc„
1907 3763 1955 3821 4,
1990 3763 2067 3822 15,
2099 3760 2277 3822 10301‘.
2308 3759 2463 3830 4,·81),
2496 3760 2551 3817 1;
2581 3758 2629 3815 4,
2674 3756 2749 3815 11,

613 3829 660 3878 2.
698 3856 759 3866 —
789 3828 940 3887 Quod
993 3829 1046 3878 in
1093 3829 1179 3880 bis
1217 3830 1421 3880 ultimis
1459 3832 1592 3881 locis
1632 3831 1699 3881 de
1737 3832 1994 3895 Dionysio
2032 3832 2298 3894 quodam,
2338 3832 2500 3880 Attici
2537 3829 2753 3888 liberto,

614 3900 700 3961 agi
730 3904 883 3962 putat
920 3900 1165 3961 OrelliuS,
1196 3906 1340 3952 recte
1379 3903 1512 3952 Boot.
1553 3903 1748 3953 metuit
1781 3917 1848 3953 ne
1887 3917 1953 3953 ex
1994 3917 2104 3953 uno
2140 3903 2359 3953 homine
2397 3903 2533 3953 duos
2565 3900 2753 3952 fecerit.

607 3972 792 4037 (Epist.
815 3972 889 4022 ad
916 3973 966 4021 T.
995 3972 1174 4036 Pomp.
1202 3975 1454 4036 Atticum,
1482 3989 1530 4037 p.
1566 3973 1695 4038 185).
