3100 5042
1488 618 1567 628 .-
1609 581 1688 644 36
1730 617 1808 627 -.

579 737 785 805 quam
833 721 935 801 ut,
973 717 1304 803 jacturam
1350 714 1591 783 facturi
1630 713 2003 804 dignitatiS,
2046 715 2301 783 talibus
2338 716 2545 784 armis
2576 737 2749 784 cum

579 833 847 901 Graecis
905 830 1420 899 contenderent.
1476 831 1694 908 Quare
1749 831 2003 897 factum
2050 837 2155 899 est
2210 836 2285 898 ut
2328 831 2748 920 amplissimi

576 948 848 1037 saepius
908 948 1090 1015 cives
1147 945 1429 1014 omnino
1485 944 1740 1013 fuerint
1796 945 2146 1030 illitterati,
2207 946 2505 1034 Cetoque
2556 949 2741 1036 ipse,

573 1063 835 1146 multis,
877 1068 954 1129 ut
995 1061 1417 1150 temporibus
1452 1061 1613 1144 illis,
1664 1059 1988 1128 doctrinis
2030 1061 2430 1146 instructuS,
2490 1063 2743 1131 rudem

573 1198 647 1246 se
695 1197 845 1245 esse
878 1177 1314 1246 simulaverit
1355 1181 1422 1244 et
1470 1176 1761 1244 Graecos
1822 1177 1908 1244 sit
1964 1182 2388 1265 aspernatus.
2440 1178 2739 1267 Progre—

573 1292 808 1360 diente
841 1299 1069 1360 tamen
1096 1297 1337 1373 aetate,
1370 1292 1629 1360 sensim
1660 1291 2023 1380 optimates
2056 1312 2129 1360 se
2158 1291 2733 1376 immutaverunt,

572 1409 981 1495 Graeciaque
1036 1413 1227 1495 capta
1273 1407 1682 1475 lectissimos
1728 1406 2059 1475 victorum
2115 1408 2313 1496 cepit.
2366 1408 2483 1488 Ac,
2537 1415 2739 1498 post-

571 1543 774 1611 quam
852 1524 1201 1606 Catonem,
1257 1524 1400 1612 jam
1468 1541 1706 1590 senem
1775 1522 2054 1606 factum,
2123 1523 2384 1592 litteras
2450 1544 2738 1612 graecas

568 1638 829 1708 discere
861 1659 1001 1706 non
1034 1637 1300 1727 puduit,
1337 1659 1543 1726 quam
1574 1636 1772 1704 multi
1802 1637 2063 1706 litteras
2093 1639 2165 1705 in
2197 1659 2270 1707 se
2300 1658 2451 1707 esse
2492 1640 2735 1708 volue-

567 1759 750 1840 runt,
803 1754 916 1821 alii
971 1759 1237 1822 tantum
1284 1753 1632 1842 vulgareS,
1694 1752 1805 1820 alii
1855 1753 2215 1821 interiores
2272 1754 2602 1841 quasdam
2656 1763 2735 1823 et

565 1868 985 1938 reconditasl
1020 1869 1237 1946 Quam
1276 1869 1500 1952 multi,
1544 1869 1688 1936 sive
1718 1874 1943 1957 patres
1982 1869 2127 1938 sive
2158 1870 2425 1956 equites
2456 1872 2725 1955 erant¹,

565 1983 1042 2072 philosophiae
1072 1985 1278 2051 simul
1305 2003 1383 2051 ac
1396 1983 1709 2072 publicae
1738 1989 1855 2051 aut
1883 1982 2293 2052 domesticae
2324 1986 2420 2052 rei
2443 2005 2726 2072 operam

565 2097 944 2166 dederunt!
1009 2099 1223 2176 Quam
1301 2099 1500 2165 multi
1566 2098 1794 2180 etiam,
1855 2105 1932 2166 ut
1997 2118 2235 2185 graece
2299 2101 2731 2168 luculentius

564 2215 841 2294 scirent,
910 2214 1198 2281 Graecos
1261 2213 1443 2302 apud
1499 2233 1574 2281 se
1634 2214 1892 2281 multos
1948 2234 2171 2282 annos
2242 2213 2719 2284 habuerunt²!

562 2331 649 2396 M.
719 2328 918 2396 Tullii
985 2330 1384 2417 praesertim
1452 2335 1637 2398 aetas
1705 2335 1961 2419 quanto
2039 2349 2243 2418 opere
2314 2336 2724 2398 ornatorum

562 2446 924 2514 hominum
977 2453 1044 2513 et
1090 2444 1517 2512 eruditorum
1560 2444 1804 2512 referta
1843 2445 2073 2530 fuerit,
2114 2451 2369 2533 quanto
2413 2446 2729 2535 philoso-

559 2561 784 2650 phiae,
818 2561 1322 2648 antiquitatum,
1366 2561 1871 2647 grammaticae,
1908 2559 2371 2628 doctrinarum
2402 2562 2719 2629 omnium

561 2676 842 2744 scientia
865 2676 1204 2760 claruerit,
1238 2674 1401 2762 quid
1433 2695 1606 2764 opus
1635 2681 1740 2744 est
1768 2674 1994 2744 denuo
2027 2675 2298 2744 dicam?
2326 2675 2457 2745 Sed
2488 2677 2725 2746 studia

557 2792 728 2859 haec
765 2789 945 2879 plebi
982 2791 1264 2858 minime
1304 2790 1791 2879 probabantur,
1835 2811 2033 2879 quae,
2082 2812 2239 2859 cum
2276 2792 2720 2860 animadver—

559 2907 757 2975 tisset
818 2907 1130 2991 Graecos,
1191 2906 1670 2995 intellegentes
1720 2907 1879 2976 illos
1934 2907 2322 2975 tabularum
2381 2909 2717 2996 pictarum

556 3028 674 3090 aut
739 3023 1122 3090 carminum
1173 3023 1697 3110 existimatores,
1758 3044 1901 3091 non
1960 3023 2102 3111 jam
2160 3024 2505 3112 publicam
2563 3044 2714 3092 rem

556 3159 793 3208 curare
823 3144 939 3206 aut
968 3137 1437 3223 domesticam,
1464 3147 1532 3206 et
1560 3139 1630 3206 in
1661 3140 1842 3207 vitiis
1872 3139 2410 3229 libidinibusque
2442 3141 2717 3228 saepius

555 3255 870 3337 volutari,
906 3275 1198 3343 cumque
1231 3253 1347 3322 diu
1391 3275 1531 3323 non
1573 3255 1706 3322 nisi
1738 3275 1997 3339 serv08,
2032 3263 2149 3323 aut
2176 3257 2558 3341 libertinOS‚
2592 3265 2720 3325 aut

555 3370 794 3437 infima
832 3369 1076 3436 saltem
1121 3369 1395 3438 fortuna
1431 3371 1775 3439 Romanos
1814 3370 2131 3440 homines
2169 3373 2242 3438 in
2271 3371 2512 3440 litteris
2553 3392 2713 3441 ver·

556 3485 688 3552 sari
733 3483 1016 3552 vidisset
1043 3487 1085 3566 ³,
1134 3485 1703 3553 consuetudinem
1744 3506 1939 3554 suam
1977 3492 2247 3571 tenenS,
2282 3488 2718 3574 eloquentiae

556 3605 851 3682 tantum,
889 3598 1291 3698 vernaculae
1331 3599 1587 3668 scilicet
1622 3601 1771 3684 arti,
1808 3621 2006 3670 aures
2045 3601 2430 3690 praebebat,
2466 3601 2714 3672 laudes

620 3802 664 3850 1.
692 3801 766 3850 De
792 3802 1049 3851 Romanis
1073 3802 1499 3865 negotiatoribus
1528 3801 1651 3851 vide
1680 3801 1923 3859 Boissie‘r,
1963 3802 2063 3851 Cic.
2088 3805 2139 3852 et
2161 3817 2237 3852 ses
2274 3804 2427 3863 amis,
2456 3819 2505 3867 p.
2536 3807 2645 3855 124.

613 3873 662 3920 2.
693 3872 811 3922 vid.
835 3886 937 3936 pro
966 3871 1180 3932 Archia,
1201 3873 1247 3929 3,
1275 3875 1331 3933 53
1361 3873 1417 3921 in
1441 3873 1567 3929 Pis„
1591 3873 1672 3933 28,
1697 3875 1783 3933 683
1805 3872 1867 3921 de
1889 3871 2057 3936 finib„
2082 3876 2127 3933 5,
2150 3877 2197 3935 3,
2224 3876 2279 3936 83
2304 3874 2506 3938 Epist„
2533 3877 2609 3936 13,
2628 3878 2711 3926 16.

553 3942 627 3992 Cf.
659 3944 977 4003 Mommsen,
1008 3945 1252 4004 Histoire,
1289 3945 1393 3993 vol.
1427 3942 1569 4003 VIII,
1600 3958 1653 4007 p.
1674 3945 1913 4006 215-2193
1940 3945 1965 3994 J
1976 3942 2154 4005 ullien,
2182 3943 2257 3994 les
2283 3946 2616 4010 Professeurs
2646 3948 2713 3998 de

551 4013 674 4074 litt„
712 4028 762 4076 p.
801 4015 915 4076 1823
947 4015 1168 4077 Teuss'el,
1199 4015 1222 4078 Ξ
1253 4017 1360 4064 164.

613 4088 664 4137 3.
702 4085 835 4136 Vide
867 4086 1146 4149 Petitjean,
1176 4085 1428 4135 Lucilius,
1459 4085 1579 4134 Rdle
1600 4085 1665 4134 de
1698 4085 1929 4134 Lucilius
1957 4099 2029 4134 au
2058 4087 2206 4150 point
2230 4087 2292 4136 de
2324 4101 2419 4135 vue
2447 4087 2712 4138 littei-aire

552 4159 604 4205 et
628 4157 1004 4219 qrammatical
1031 4157 1163 4206 dans
1193 4155 1240 4206 le
1270 4159 1486 4221 proqres
1522 4154 1587 4205 de
1616 4155 1669 4205 la
1698 4155 1886 4222 lanque
1916 4159 1965 4205 et
1989 4155 2055 4206 de
2076 4155 2131 4206 la
2162 4156 2463 4208 litterature
2492 4157 2701 4221 latz‘nes,

551 4243 604 4292 p.
627 4228 717 4276 238
747 4231 801 4278 et
829 4227 918 4276 33‘1
948 4229 1027 4291 (in
1057 4228 1286 4278 Annales
1308 4227 1375 4277 de·
1402 4227 1457 4277 la
1485 4226 1698 4277 Faculle
1719 4228 1809 4277 des
1830 4229 2028 4277 Lettres
2055 4226 2121 4277 de
2142 4227 2295 4288 Gaen,
2330 4228 2389 4292 I).
