3100 5042
1594 545 1912 608 -48-

682 682 804 752 sed
834 701 1007 771 quae
1040 682 1311 770 saepius
1340 681 1410 746 in
1447 680 1706 748 theatro
1741 678 1972 747 audita
2013 680 2343 748 memoria
2381 683 2832 771 comprehen-

682 798 881 882 derit,
917 802 1199 886 usurpat
1230 797 1281 879 ¹;
1324 802 1464 862 tam
1504 795 1755 862 multas
1791 795 2018 881 Ennii,
2059 794 2268 883 Accii,
2310 795 2602 864 aliorum
2641 798 2834 868 fabu-

681 916 902 983 larum
955 919 1207 1002 partes,
1269 931 1455 979 nunc
1508 911 1813 999 prolatiS‚
1874 931 2064 978 nunc
2118 913 2617 1000 praetermissis
2670 935 2835 1004 poe-

679 1036 900 1098 tarum
933 1026 1356 1111 nominibuS,
1399 1033 1556 1094 ante
1595 1026 1856 1110 ocu108‚
1902 1031 1975 1094 ut
2024 1026 2118 1094 ita
2155 1025 2405 1113 dicam,
2449 1031 2642 1116 ponit
2679 1033 2725 1116 ²,
2762 1036 2835 1098 ut

661 1141 1005 1242 ‘quicquid
1067 1144 1137 1209 in
1186 1161 1433 1210 scaena
1474 1141 1660 1230 apud
1709 1143 2057 1210 Romanos
2104 1149 2332 1210 actum
2385 1143 2470 1212 sit
2520 1164 2835 1214 narrasse

680 1257 980 1349 quodam
1038 1256 1244 1325 modo
1303 1255 1614 1325 videatur
1642 1258 1689 1325 ³.
1750 1255 2001 1334 Quidni
2049 1257 2342 1326 faceret?
2394 1285 2426 1320 «
2470 1261 2710 1346 Jactat,
2763 1267 2836 1329 ut

680 1373 1007 1462 sagaciter
1044 1373 1266 1460 inquit
1294 1372 1541 1458 aliquis
1570 1373 1615 1453 ⁴,
1651 1372 1865 1439 immo
1907 1377 2133 1440 tuetur
2170 1377 2387 1441 artem
2426 1394 2602 1462 quae
2641 1381 2830 1443 tanta

679 1489 768 1557 sit
830 1508 985 1576 pars
1054 1507 1379 1556 romanae
1446 1487 1734 1574 gloriae,
1799 1508 1962 1556 mox
2027 1494 2257 1556 autem
2323 1488 2624 1577 peritura
2682 1510 2831 1560 esse

679 1603 991 1672 videatur
1048 1625 1119 1685 >›;
1190 1623 1267 1670 ac
1322 1603 1528 1670 simul
1589 1601 2010 1692 tragoediam
2055 1602 2376 1692 jactando
2424 1609 2614 1693 grato
2683 1625 2834 1675 esse

676 1719 907 1789 animo
937 1739 1011 1787 se
1044 1719 1427 1803 confirmat,
1474 1739 1632 1785 cum
1677 1724 1810 1785 tam
1841 1737 2044 1806 saepe
2082 1719 2198 1806 qui
2238 1717 2504 1788 fabulas
2542 1721 2614 1787 in
2644 1722 2834 1792 thea-

675 1842 778 1904 tro
821 1840 1229 1924 spectarent,
1284 1831 1621 1922 quosdam
1661 1832 2054 1921 plaudendo
2098 1853 2364 1915 versuS‚
2397 1834 2625 1923 ipsum
2670 1837 2834 1906 Bru-

677 1955 963 2037 tumque
1004 1949 1408 2016 familiarem
1449 1967 1704 2030 amore,
1749 1948 2150 2037 Pompeium
2193 1955 2261 2017 et
2303 1949 2657 2020 Caesarem
2699 1954 2830 2020 ini-

677 2066 892 2134 micos
932 2063 1092 2132 odio
1135 2063 1473 2153 prosecuti
1512 2062 1649 2130 sint
1681 2066 1724 2131 ⁵.

768 2179 941 2258 Quid
972 2177 1159 2268 quod
1199 2183 1435 2267 poetas
1465 2178 1594 2245 sihi
1634 2178 2149 2267 probatissimos
2188 2181 2477 2248 summis
2514 2182 2832 2253 laudibus

678 2297 765 2366 ad
804 2296 1066 2366 caelum
1110 2295 1473 2364 efferebat?
1503 2296 1802 2363 Ennium
1842 2296 2050 2377 enim,
2093 2303 2171 2364 ut
2208 2297 2323 2385 qui
2362 2318 2546 2366 novo
2586 2319 2829 2367 nume-

675 2431 971 2501 rosoque
1010 2431 1336 2480 versuum
1375 2431 1628 2498 genere
1671 2411 1954 2478 latinam
1995 2411 2304 2498 linguam
2346 2411 2726 2499 donaverit,
2766 2421 2833 2482 et

675 2529 1089 2597 clarissimos
1149 2527 1592 2616 imperatores
1656 2526 2028 2615 populique
2093 2528 2357 2594 romani
2423 2548 2534 2596 res
2608 2536 2832 2616 gestas

674 2645 1041 2726 ornaverit,
1095 2663 1446 2709 summum
1496 2641 1766 2730 epicum
1815 2646 2112 2731 poetam,
2168 2649 2582 2731 poetamque
2639 2664 2832 2733 egre-

672 2757 862 2846 gium
920 2762 988 2824 et
1044 2755 1505 2842 ingeniosum,
1557 2761 2041 2843 auctoremque
2087 2755 2287 2824 valde
2342 2756 2608 2828 bonum
2673 2779 2832 2848 per-

671 2873 862 2941 hibet
892 2874 939 2956 ⁶‚
973 2872 1183 2939 immo
1216 2891 1372 2938 cum
1404 2871 1701 2938 Homero
1743 2876 1812 2939 et
1841 2892 2000 2939 cum
2029 2871 2371 2959 Aeschylo
2402 2879 2750 2961 comparat
2780 2873 2825 2941 ⁷.

658 2989 1071 3074 Pacuvium,
1103 2988 1416 3077 quamvis
1446 2989 1626 3056 male
1656 2987 1744 3056 sit
1771 2989 2042 3056 locutus
2058 2990 2105 3072 ⁸,
2130 3009 2289 3056 cum
2307 2987 2642 3078 Sophocle
2673 3011 2834 3059 con-

672 3105 823 3189 fert,
885 3105 1166 3173 Accium
1222 3125 1379 3172 cum
1423 3102 1828 3191 Euripide⁹3
1877 3124 2173 3191 quorum
2232 3105 2428 3172 illum
2479 3127 2831 3174 summum

678 3221 1009 3309 tragicum
1050 3227 1321 3308 poetam
1360 3219 1523 3287 dicit
1550 3221 1616 3300 ¹⁰,
1663 3219 1875 3305 hunc,
1913 3239 2047 3307 quo
2079 3219 2224 3306 jam
2270 3221 2470 3288 annis
2508 3229 2828 3310 provecto

737 3408 781 3455 1.
812 3406 889 3455 Cf.
921 3403 1117 3462 Kubik,
1150 3420 1200 3467 p.
1233 3407 1323 3455 272
1354 3405 1583 3468 aliisque
1614 3405 1796 3455 multis
1825 3404 1974 3454 locis.

734 3478 782 3526 2.
817 3478 963 3526 Tusc.
985 3480 1147 3544 disp„
1172 3481 1219 3539 2,
1253 3478 1328 3535 17,
1362 3477 1447 3536 393
1480 3479 1526 3536 2,
1558 3479 1636 3538 21,
1669 3477 1838 3525 49-50.
1886 3502 1945 3510 —
1985 3476 2060 3525 Cf.
2091 3476 2268 3538 Patin,
2309 3477 2400 3528 Et.
2429 3492 2526 3528 sur
2566 3478 2621 3528 la
2659 3480 2828 3542 poesie

675 3547 792 3607 lat„
815 3549 919 3596 vol.
953 3549 1015 3606 11,
1046 3565 1096 3611 p.
1123 3549 1351 3607 106·10·1‚
1378 3550 1434 3595 et
1460 3546 1718 3607 Boissier,
1749 3546 1944 3607 Attius,
1968 3560 2018 3609 p.
2055 3548 2102 3596 8.

734 3621 779 3667 3.
814 3619 984 3680 Patin,
1015 3620 1119 3669 vol.
1157 3619 1222 3675 ΙΙ,
1256 3631 1308 3678 p.
1342 3620 1450 3667 158.

734 3691 780 3737 4.
808 3690 1022 3750 Brunel‚
1055 3704 1107 3753 p.
1136 3689 1299 3738 26-27.

734 3763 779 3809 5.
809 3760 912 3808 Pro
944 3760 1127 3820 Sestio,
1156 3763 1233 3820 56,
1262 3762 1351 3809 120
1380 3788 1443 3796 -
1471 3762 1547 3818 58,
1585 3761 1782 3823 123;ἱπ
1813 3760 1882 3810 Μ.
1915 3761 2224 3823 Antonium,
2255 3762 2302 3821 1,
2337 3763 2413 3820 15,
2459 3762 2549 3820 363
2584 3762 2658 3820 10,
2690 3763 2737 3820 4,
2769 3762 2822 3819 83

670 3831 743 3881 ad
772 3832 903 3893 Act„
930 3835 975 3890 2,
1013 3835 1091 3892 19,
1118 3834 1163 3880 2.
1189 3860 1252 3867 -
1272 3832 1347 3880 Cr.
1373 3832 1584 3891 Brunel‚
1621 3845 1672 3892 p.
1709 3832 1787 3880 23.

731 3905 779 3952 6.
812 3904 883 3952 De
912 3905 1019 3966 opt.
1040 3918 1156 3966 qen.
1183 3905 1342 3963 orat„
1374 3906 1419 3964 1,
1444 3905 1499 3963 2;
1535 3904 1676 3952 Tusc.
1711 3903 1866 3966 disp„
1896 3907 1946 3963 3,
1979 3906 2056 3965 19,
2085 3905 2173 3962 453
2202 3917 2304 3966 pro
2331 3904 2492 3965 Mur„
2526 3905 2602 3964 14,
2633 3905 2712 3952 30.

732 3977 779 4023 Ἶ.
813 3973 977 4031 Orat„
1011 3977 1088 4032 31,
1123 3975 1238 4036 1093
1268 3975 1435 4032 Brut„
1466 3976 1541 4035 18,
1576 3975 1747 4034 '‘113de
1778 3973 1943 4032 Orat„
1971 3976 2019 4037 3,
2049 3975 2098 4036 7,
2125 3976 2202 4022 2Ἱ.

735 4046 780 4092 8.
806 4047 978 4103 Brut„
1014 4048 1089 4107 74,
1120 4046 1228 4093 258.

735 4117 783 4164 9.
812 4115 889 4164 De
921 4117 1075 4173 orat„
1106 4119 1153 4173 3,
1186 4119 1230 4176 7,
1257 4119 1335 4166 27.

738 4187 814 4235 10.
845 4187 920 4235 De
945 4188 1050 4250 opt.
1074 4201 1190 4250 qen.
1224 4188 1382 4244 orat„
1416 4189 1460 4248 1,
1491 4189 1539 4237 2.
