3100 5042
1240 565 1563 627 -45-

337 697 631 767 rundam
691 697 1243 766 aestimationem
1303 695 1678 764 offenderet
1742 695 1983 764 timere
2041 696 2360 768 desierit?
2416 704 2494 770 In

282 825 289 832 ·
338 813 528 880 libris
580 813 792 896 enim,
842 811 929 880 ad
978 832 1149 899 quos
1189 809 1654 880 conficiendos
1693 810 1820 891 bis,
1868 832 2024 879 cum
2075 833 2186 882 res
2223 815 2496 903 publica

337 927 810 1016 praecipitaret
862 927 1215 1015 otiumque
1254 933 1463 1010 esset,
1515 946 1656 993 non
1712 927 2186 1014 requiescendi
2238 929 2490 1015 stadie,

338 1042 462 1111 sed
506 1042 764 1130 negotii
806 1043 1041 1130 inopia
1084 1042 1532 1110 constitutum
1565 1043 1608 1125 ¹,
1671 1060 1744 1108 se
1791 1042 2112 1128 contulit,
2173 1044 2492 1113 eruditis-

340 1159 594 1227 simum
646 1177 721 1225 se
763 1177 915 1225 esse
954 1177 1095 1224 non
1154 1156 1632 1241 dissimulavit,
1679 1156 2097 1245 multosque,
2143 1163 2228 1226 ut·
2271 1179 2496 1228 exem-

338 1273 531 1362 plum
580 1293 934 1361 usurpem,
980 1271 1273 1340 artifices
1320 1291 1598 1359 graecos
1628 1277 1745 1339 aut
1779 1270 2082 1340 laudavit
2119 1281 2236 1342 aut
2274 1295 2498 1363 repre-

340 1387 585 1456 hendit
639 1387 1050 1475 peritissime
1082 1389 1137 1472 ²3
1190 1386 1308 1454 sed
1368 1387 1806 1454 excusatione
1862 1389 1962 1455 uti
2021 1397 2336 1477 oportere
2398 1392 2495 1459 illi

339 1505 568 1571 visum
627 1508 755 1588 est,
816 1501 1004 1590 quod
1046 1501 1131 1570 de
1188 1508 1331 1570 arte
1384 1503 1678 1570 oratoria
1739 1479 1857 1569 aut
1911 1501 1996 1570 de
2059 1505 2497 1594 philosophia

338 1618 555 1686 libros
584 1617 1069 1686 conscriberet.

432 1761 464 1794 «
500 1732 909 1802 Occurrebat
936 1733 1146 1818 enim,
1179 1732 1401 1819 inquit
1425 1734 1470 1817 ³,
1505 1752 1708 1821 posse
1739 1734 2017 1822 reperiri
2048 1755 2190 1802 non
2221 1736 2494 1805 invidos

339 1849 593 1932 solum,
647 1847 894 1936 quibus
940 1847 1187 1916 referta
1234 1853 1397 1915 sunt
1453 1849 1711 1932 omnia,
1773 1848 1890 1917 sed
1943 1849 2244 1918 fautores
2293 1852 2491 1920 etiam
2601 1895 2611 1906 ·

338 1985 651 2032 mearum
698 1962 1005 2046 laudum,
1059 1964 1174 2051 qui
1223 1983 1364 2031 non
1412 1971 1773 2032 censerent
1813 1966 1962 2053 ejus
2005 1965 2131 2032 viri
2182 1986 2356 2050 esse,
2406 1966 2491 2036 de

339 2082 537 2169 cujus
574 2080 831 2149 meritis
858 2085 1043 2147 tanta
1076 2085 1355 2147 senatus
1384 2078 1640 2168 judicia
1667 2079 1963 2167 fecisset,
1995 2083 2484 2171 comprobante

338 2197 595 2286 populo
656 2214 965 2277 romano,
1020 2199 1273 2282 quanta
1327 2193 1412 2262 de
1464 2194 1682 2277 nulle,
1732 2193 1818 2262 de
1875 2197 2160 2263 artificio
2219 2197 2488 2266 dicendi

337 2312 577 2380 litteris
606 2316 742 2378 tam
777 2310 992 2376 multa
1022 2307 1367 2376 mandare.
1414 2335 1445 2370 ι)
1478 2308 1937 2385 Quamobrem
1964 2329 2036 2376 se
2067 2317 2134 2377 et
2161 2313 2249 2379 M.
2284 2313 2488 2380 Bruto

339 2447 592 2514 negare
637 2424 905 2513 roganti
951 2422 1287 2506 noluisse,
1342 2428 1410 2490 et
1460 2422 1731 2490 dicendi
1782 2429 2136 2512 praecepta
2183 2432 2250 2494 et
2297 2429 2488 2514 quasi

339 2543 507 2624 vias,
531 2559 706 2628 quae
724 2537 813 2606 ad
841 2539 1305 2626 eloquentiam
1335 2538 1620 2622 ferrent,
1648 2535 2080 2623 traditurum,
2109 2545 2176 2607 et
2204 2538 2491 2628 dignita·

338 2662 474 2726 tem
514 2657 587 2722 in
630 2653 943 2722 docendo
982 2659 1408 2722 retenturum
1447 2651 1930 2740 respondebat.
1967 2653 2203 2722 Subito
2233 2661 2484 2739 autem,

337 2774 569 2842 missis
598 2770 1000 2857 ambagibus
1036 2793 1049 2835 :
1092 2796 1124 2831 «
1156 2770 1252 2837 Ac
1278 2769 1589 2855 fortasse,
1623 2770 1871 2858 inquit,
1902 2771 2108 2839 ceteri
2138 2772 2486 2856 tectiores3

337 2910 463 2976 ego
493 2907 765 2976 semper
802 2905 916 2953 me
946 2884 1261 2952 didicisse
1289 2904 1449 2973 prae
1482 2904 1592 2952 me
1625 2884 1769 2952 tuli.
1815 2885 1940 2962 Qui
1970 2886 2156 2952 enim
2185 2907 2488 2975 possem,

336 3025 493 3073 cum
539 3008 606 3071 et
642 3001 968 3068 afuissem
1006 2998 1435 3082 adulescenS,
1469 3007 1538 3066 et
1573 2999 1820 3067 horum
1864 2999 2246 3066 studiorum
2286 3021 2489 3069 causa

335 3119 550 3187 maria
571 3116 997 3198 transissem,
1022 3120 1090 3183 et
1114 3113 1525 3183 doctissimis
1555 3113 1950 3181 bominibus
1974 3113 2219 3180 referta
2243 3112 2495 3184 domus

337 3241 544 3318 esset,
606 3240 675 3301 et
727 3232 997 3320 aliquae
1051 3231 1337 3298 fortasse
1390 3230 1700 3298 inessent
1754 3229 1826 3295 in
1885 3249 2202 3297 sermone
2253 3238 2494 3300 nostro

336 3350 804 3419 doctrinarum
858 3352 1084 3432 notae,
1137 3365 1430 3434 cumque
1476 3346 1687 3432 vulgo
1732 3345 1980 3434 scripta
2032 3352 2266 3413 nostra
2303 3347 2490 3436 lege-

333 3471 597 3547 rentur,
651 3461 1083 3530 dissimulare
1130 3481 1240 3528 me
1288 3459 1648 3528 didicisse?
1690 3487 1722 3521 »
1780 3459 1903 3527 illa
1943 3459 2221 3547 quidem
2261 3468 2494 3550 aperte

333 3581 622 3664 dixerat,
665 3578 963 3666 apertius
993 3582 1172 3645 certe
1213 3595 1417 3664 quam
1456 3580 1555 3659 ut,
1585 3575 1794 3643 finem
1832 3575 2165 3664 prooemii
2209 3576 2486 3661 facienS,

333 3694 845 3764 excusationem
903 3693 1046 3780 J'am
1108 3691 1179 3756 in
1245 3697 1648 3779 perpetuum
1716 3688 2088 3759 dimitteret
2148 3712 2164 3758 ε
2231 3717 2264 3752 «
2327 3692 2493 3769 Quis

331 3813 559 3902 igitur,
604 3808 849 3898 inquit,
890 3827 965 3876 se
1002 3813 1140 3876 tam
1173 3805 1421 3875 durum
1453 3812 1926 3895 agrestemque
1956 3806 2336 3895 praeberet,
2372 3807 2489 3895 qui

397 4062 440 4108 1.
472 4061 549 4109 De
578 4060 693 4123 off„
719 4062 765 4120 3,
802 4063 850 4121 1,
879 4061 928 4108 2.

394 4134 441 4180 2.
472 4133 645 4190 Brut„
676 4132 761 4193 183
792 4129 855 4180 de
886 4130 1050 4187 Orat„
1085 4129 1305 4192 passim.

396 4204 443 4251 3.
477 4201 645 4262 Orat„
670 4203 749 4264 41,
782 4201 897 4262 14ος
924 4203 1003 4262 42,
1030 4203 1146 4262 146;
1178 4203 1256 4260 43,
1293 4201 1401 4249 148.
