3100 5042
1524 509 1844 576 -84-

606 644 959 713 doctorum
1032 643 1391 711 hominum
1459 643 1728 711 utilitati
1794 644 2183 712 consuluit?
2249 645 2494 713 Nonne
2561 644 2763 712 fami—

604 759 886 827 liaribus
961 760 1104 827 suis
1180 759 1541 826 Patronem
1616 758 2104 847 philosophum
2136 761 2153 793 ¹
2219 758 2758 842 commendavit,

604 877 1025 963 Luciumque
1120 874 1469 941 Valerium
1557 873 2196 961 jureconsultum²,
2293 875 2760 964 Quintumque

600 991 869 1060 Aelium
908 988 1363 1072 Tuberonem,
1406 989 1520 1076 qui
1562 989 1848 1057 annales
1887 989 2358 1057 conscribebat
2385 993 2433 1071 ³,
2477 991 2760 1079 Apollo-

602 1107 930 1193 niumque
978 1105 1051 1174 P.
1100 1105 1318 1172 Crassi
1370 1105 1719 1188 libertum,
1763 1105 1878 1192 qui
1925 1103 2108 1193 apud
2157 1105 2548 1173 Ciceronem
2600 1127 2756 1174 cum

603 1220 887 1288 Diodoto
936 1220 1227 1286 multum
1284 1239 1323 1284 a
1370 1238 1585 1306 puero
1636 1218 1856 1286 fuerat
1913 1225 1981 1287 et
2037 1218 2281 1286 litteris
2329 1221 2590 1308 graecis
2647 1241 2757 1289 res

601 1336 902 1403 Caesaris
960 1340 1183 1422 gestas
1246 1333 1563 1422 cupiebat
1626 1333 1952 1402 mandare
1983 1336 2028 1419 ⁴,
2092 1334 2484 1422 multosque
2551 1337 2754 1403 etiam

599 1471 796 1539 quoS,
864 1471 999 1518 non
1054 1450 1337 1518 omnino
1389 1449 1630 1518 litteris
1673 1448 1966 1536 deditos,
2012 1470 2284 1518 summa
2330 1451 2756 1520 humanitate

598 1575 825 1633 tamen
866 1564 1395 1653 liberalibusque
1427 1565 1668 1633 studiis
1711 1571 1990 1633 ornatos
2029 1584 2182 1633 esse
2223 1564 2652 1654 praedicabat
2679 1569 2700 1601 ὅ
2724 1573 2754 1634 ?

598 1681 693 1747 Ex
752 1680 859 1748 his
911 1687 1092 1749 certe
1139 1678 1852 1749 commendationibus
1902 1681 2302 1748 Ciceronem
2351 1680 2754 1748 hominibus

597 1795 879 1865 eruditis
908 1795 1201 1864 libenter
1230 1815 1505 1884 operam
1546 1793 1822 1864 dedisse
1860 1802 2170 1884 apparet3
2209 1802 2548 1884 quatenus
2586 1816 2752 1865 vero

596 1911 735 1978 illis
790 1913 1225 2001 potissimum
1290 1910 1627 1978 studuerit
1681 1913 2064 1994 nescimus,
2117 1912 2458 1998 quoniam
2517 1911 2752 1980 erudi-

598 2031 823 2093 torum
874 2025 1181 2114 plerique
1225 2046 1362 2092 non
1422 2029 1509 2093 ob
1561 2025 1784 2092 studia
1837 2031 2102 2093 tantum
2159 2027 2581 2110 communia,
2627 2026 2748 2094 sed

595 2142 761 2207 alias
845 2141 1049 2209 etiam
1125 2140 1211 2206 ob
1290 2159 1527 2207 causas
1603 2140 1702 2206 illi
1771 2140 2152 2229 placebant,
2235 2142 2749 2230 permultosque

597 2256 911 2324 homines
950 2258 1201 2337 Cicer0,
1238 2256 1490 2345 quippe
1534 2256 1674 2344 qui,
1709 2256 1958 2344 partim
1998 2256 2092 2324 rei
2124 2255 2458 2344 publicae,
2499 2257 2742 2344 partim

596 2371 868 2439 sibimet
916 2372 1041 2460 ipsi
1102 2377 1177 2440 ut
1231 2370 1682 2450 benefaceret,
1741 2390 1984 2439 omnes
2044 2370 2172 2438 sibi
2231 2379 2465 2439 averet
2519 2371 2748 2440 conci-

596 2488 758 2555 liare
788 2489 837 2568 ⁶,
878 2488 1324 2556 familiaribus
1356 2486 1681 2555 omnibus
1721 2485 2250 2556 commendabat
2281 2488 2328 2555 ⁷.
2745 2508 2750 2513 ’

1627 2814 1714 2883 lv

685 2971 912 3079 Restat
941 3018 1015 3079 ut
1050 3009 1553 3100 perpendamus
1594 3031 1768 3097 quae
1813 3011 1920 3078 vis
1967 3011 2035 3076 in
2075 3009 2289 3078 nobili
2339 3011 2457 3078 illo
2503 3012 2746 3080 Catulli

594 3127 680 3196 de
724 3128 807 3194 M.
852 3127 1071 3194 Tullio
1119 3126 1418 3194 carmine
1458 3126 1642 3208 insit,
1681 3146 1985 3213 numque
2027 3126 2316 3194 Lucretii
2357 3128 2440 3194 de
2487 3133 2746 3196 Rerum

593 3253 856 3311 aalma
927 3242 1137 3310 libros
1203 3242 1433 3328 magni
1508 3241 1746 3309 fecerit
1801 3241 2030 3308 Cicero
2097 3249 2166 3310 et
2230 3239 2540 3309 ediderit.
2607 3243 2746 3310 Nec

660 3438 701 3482 1.
736 3434 921 3497 Epist„
963 3437 1036 3491 13,
1066 3439 1112 3494 1,
1142 3436 1171 3483 2
1202 3434 1287 3494 (ad
1319 3435 1670 3497 Memmium).

657 3508 704 3553 2.
736 3505 923 3567 Epist„
961 3505 1005 3561 3,
1043 3507 1087 3563 1,
1119 3506 1145 3552 3
1176 3504 1264 3566 (ad
1292 3504 1523 3565 Appium
1557 3505 1884 3568 Pulchrum).
1915 3533 1978 3541 —-
2004 3504 2081 3554 cf.
2111 3505 2300 3569 Epist„
2336 3508 2384 3565 1,
2417 3508 2493 3556 10.

657 3578 702 3623 3.
729 3573 815 3622 Ad
845 3573 901 3632 Q.
926 3575 1019 3636 fr„
1056 3577 1099 3636 1,
1130 3577 1177 3634 1,
1208 3574 1256 3634 3,
1290 3576 1362 3622 10.

655 3647 704 3693 4.
736 3644 924 3708 Epist„
966 3647 1039 3702 13,
1073 3647 1147 3701 16,
1181 3647 1255 3694 3-4
1286 3645 1371 3706 (ad
1400 3644 1716 3708 Caesarem).

658 3719 703 3764 5.
736 3715 796 3765 A.
831 3715 1043 3764 Fufium
1083 3715 1291 3779 (Epist.‚
1334 3718 1410 3775 13,
1446 3719 1514 3778 3),
1552 3717 1608 3764 Τ.
1649 3716 1922 3767 Pinarium
1963 3720 2063 3779 (12,
2100 3720 2179 3776 24,
2223 3719 2288 3780 3),
2321 3719 2386 3767 Μ.
2430 3720 2742 3770 Terentium

596 3789 889 3838 Varronem
933 3786 1159 3836 Gibbam
1195 3789 1291 3849 (13,
1321 3789 1397 3848 10,
1441 3787 1509 3850 2),
1540 3789 1600 3847 Q.
1633 3787 1898 3838 Fufidium
1929 3790 2026 3851 (13,
2065 3792 2140 3850 12,
2173 3791 2236 3847 1),
2268 3790 2328 3838 Τ.
2359 3789 2614 3840 Manlium
2648 3793 2744 3854 (13,

658 3933 704 3979 6.
736 3953 755 3970 α
786 3930 976 3979 Enitor
1003 3933 1063 3978 ut
1085 3942 1259 3992 neque
1288 3930 1497 3987 amicis,
1520 3944 1696 3993 neque
1726 3931 1884 3980 etiam
1917 3931 2272 3981 alienioribus
2291 3945 2473 3996 opera,
2495 3933 2744 3994 consiliO,

597 4001 779 4050 labore
808 4000 997 4049 desim.
1034 4023 1053 4042 »
1087 4000 1271 4063 Epist„
1296 4002 1342 4060 1,
1366 4002 1414 4062 9,
1449 4004 1503 4050 17
1530 4001 1619 4062 (ad
1651 4001 1978 4066 Lentulum).

661 4075 703 4120 7.
738 4072 893 4120 Liber
916 4071 1281 4134 Epistularum
1307 4074 1365 4121 13
1393 4085 1499 4121 non
1532 4073 1636 4121 nisi
1668 4074 2145 4123 commendaticias
2165 4074 2426 4135 epistulas
2446 4074 2742 4136 concludit,

599 4157 735 4206 quae
762 4155 988 4192 numero
1012 4143 1089 4205 79,
1114 4148 1167 4193 et
1195 4143 1338 4192 inter
1370 4157 1460 4193 eas
1485 4143 1729 4207 duplices
1759 4145 2042 4206 quaedam,
2071 4149 2304 4195 exstant.
