<?xml version="1.0" encoding="UTF-8"?>
<!DOCTYPE html PUBLIC "-//W3C//DTD XHTML 1.0 Transitional//EN"
    "http://www.w3.org/TR/xhtml1/DTD/xhtml1-transitional.dtd">
<html xmlns="http://www.w3.org/1999/xhtml" xml:lang="en" lang="en">
 <head>
  <title>
</title>
<meta http-equiv="Content-Type" content="text/html;charset=utf-8" />
  <meta name='ocr-system' content='tesseract 3.04.00' />
  <meta name='ocr-capabilities' content='ocr_page ocr_carea ocr_par ocr_line ocrx_word'/>
</head>
<body>
  <div class='ocr_page' id='page_1' title='image "./mtulliusciceroq00unkngoog_0053.png"; bbox 0 0 3100 5042; ppageno 0'>
   <div class='ocr_carea' id='block_1_1' title="bbox 1224 589 1542 651">
    <p class='ocr_par' dir='ltr' id='par_1_1' title="bbox 1224 589 1542 651">
     <span class='ocr_line' id='line_1_1' title="bbox 1224 589 1542 651; baseline -0.006 -15"><span class='ocrx_word' id='word_1_1' title='bbox 1224 589 1542 651; x_wconf 76' lang='lat'><strong>-35-</strong></span> 
     </span>
    </p>
   </div>
   <div class='ocr_carea' id='block_1_2' title="bbox 309 723 2463 1144">
    <p class='ocr_par' dir='ltr' id='par_1_2' title="bbox 309 723 2463 1144">
     <span class='ocr_line' id='line_1_2' title="bbox 313 723 2460 815; baseline 0.002 -23"><span class='ocrx_word' id='word_1_2' title='bbox 313 725 466 793; x_wconf 84' lang='lat' dir='ltr'>tiret</span> <span class='ocrx_word' id='word_1_3' title='bbox 523 725 579 792; x_wconf 91' lang='lat' dir='ltr'>si</span> <span class='ocrx_word' id='word_1_4' title='bbox 637 724 906 792; x_wconf 88' lang='lat' dir='ltr'>nobiles</span> <span class='ocrx_word' id='word_1_5' title='bbox 966 724 1398 814; x_wconf 81' lang='lat' dir='ltr'>optimosque</span> <span class='ocrx_word' id='word_1_6' title='bbox 1459 723 1648 792; x_wconf 84' lang='lat' dir='ltr'>viros</span> <span class='ocrx_word' id='word_1_7' title='bbox 1703 723 1943 794; x_wconf 83' lang='lat' dir='ltr'>victori</span> <span class='ocrx_word' id='word_1_8' title='bbox 2000 726 2460 815; x_wconf 81' lang='lat' dir='ltr'><strong>submitteret,</strong></span> 
     </span>
     <span class='ocr_line' id='line_1_3' title="bbox 309 838 2457 934; baseline 0.003 -27"><span class='ocrx_word' id='word_1_9' title='bbox 309 842 569 908; x_wconf 87' lang='lat' dir='ltr'>multos</span> <span class='ocrx_word' id='word_1_10' title='bbox 634 840 899 908; x_wconf 83' lang='lat' dir='ltr'>Caesari</span> <span class='ocrx_word' id='word_1_11' title='bbox 953 840 1310 928; x_wconf 81' lang='lat' dir='ltr'>optimates</span> <span class='ocrx_word' id='word_1_12' title='bbox 1367 838 1772 908; x_wconf 77' lang='lat' dir='ltr'>conciliabat</span> <span class='ocrx_word' id='word_1_13' title='bbox 1825 842 2457 934; x_wconf 83' lang='lat' dir='ltr'>conjungebatque3</span> 
     </span>
     <span class='ocr_line' id='line_1_4' title="bbox 309 953 2463 1046; baseline 0.002 -22"><span class='ocrx_word' id='word_1_14' title='bbox 309 958 503 1025; x_wconf 87' lang='lat' dir='ltr'>velut</span> <span class='ocrx_word' id='word_1_15' title='bbox 549 957 848 1024; x_wconf 90' lang='lat' dir='ltr'>Marcum</span> <span class='ocrx_word' id='word_1_16' title='bbox 899 955 1294 1024; x_wconf 86' lang='lat' dir='ltr'>Marcellum</span> <span class='ocrx_word' id='word_1_17' title='bbox 1351 953 1875 1044; x_wconf 80' lang='lat' dir='ltr'>diligentissime</span> <span class='ocrx_word' id='word_1_18' title='bbox 1925 958 2324 1046; x_wconf 81' lang='lat' dir='ltr'>precabatur</span> <span class='ocrx_word' id='word_1_19' title='bbox 2390 970 2463 1029; x_wconf 85' lang='lat' dir='ltr'>ut</span> 
     </span>
     <span class='ocr_line' id='line_1_5' title="bbox 309 1069 2371 1144; baseline 0.001 -3"><span class='ocrx_word' id='word_1_20' title='bbox 309 1071 579 1141; x_wconf 85' lang='lat' dir='ltr'>Caesari</span> <span class='ocrx_word' id='word_1_21' title='bbox 611 1091 763 1140; x_wconf 92' lang='lat' dir='ltr'>sese</span> <span class='ocrx_word' id='word_1_22' title='bbox 792 1069 1258 1140; x_wconf 89' lang='lat' dir='ltr'>commendari</span> <span class='ocrx_word' id='word_1_23' title='bbox 1289 1076 1358 1138; x_wconf 89' lang='lat' dir='ltr'>et</span> <span class='ocrx_word' id='word_1_24' title='bbox 1385 1071 1671 1140; x_wconf 82' lang='lat' dir='ltr'>Romam</span> <span class='ocrx_word' id='word_1_25' title='bbox 1701 1075 2003 1142; x_wconf 89' lang='lat' dir='ltr'>revocari</span> <span class='ocrx_word' id='word_1_26' title='bbox 2042 1075 2296 1144; x_wconf 87' lang='lat' dir='ltr'>sineret</span> <span class='ocrx_word' id='word_1_27' title='bbox 2329 1078 2371 1144; x_wconf 86' lang='lat'>¹.</span> 
     </span>
    </p>
   </div>
   <div class='ocr_carea' id='block_1_3' title="bbox 1370 1400 1430 1465">
    <p class='ocr_par' dir='ltr' id='par_1_3' title="bbox 1370 1400 1430 1465">
     <span class='ocr_line' id='line_1_6' title="bbox 1370 1400 1430 1465; baseline 0 0"><span class='ocrx_word' id='word_1_28' title='bbox 1370 1400 1430 1465; x_wconf 97' lang='lat' dir='ltr'>II</span> 
     </span>
    </p>
   </div>
   <div class='ocr_carea' id='block_1_4' title="bbox 311 1565 2475 4081">
    <p class='ocr_par' dir='ltr' id='par_1_4' title="bbox 311 1565 2475 2926">
     <span class='ocr_line' id='line_1_7' title="bbox 404 1565 2469 1661; baseline 0.003 -28"><span class='ocrx_word' id='word_1_29' title='bbox 404 1565 578 1644; x_wconf 86' lang='lat' dir='ltr'>Quid</span> <span class='ocrx_word' id='word_1_30' title='bbox 616 1567 870 1635; x_wconf 72' lang='lat' dir='ltr'>multa?</span> <span class='ocrx_word' id='word_1_31' title='bbox 903 1568 1076 1636; x_wconf 89' lang='lat' dir='ltr'>Satis</span> <span class='ocrx_word' id='word_1_32' title='bbox 1116 1567 1372 1635; x_wconf 91' lang='lat' dir='ltr'>scilicet</span> <span class='ocrx_word' id='word_1_33' title='bbox 1405 1565 2031 1638; x_wconf 87' lang='lat' dir='ltr'>demonstravimus</span> <span class='ocrx_word' id='word_1_34' title='bbox 2071 1591 2110 1638; x_wconf 97' lang='lat' dir='ltr'>a</span> <span class='ocrx_word' id='word_1_35' title='bbox 2148 1571 2469 1661; x_wconf 90' lang='lat' dir='ltr'>principi-</span> 
     </span>
     <span class='ocr_line' id='line_1_8' title="bbox 313 1682 2462 1772; baseline 0.002 -22"><span class='ocrx_word' id='word_1_36' title='bbox 313 1682 446 1751; x_wconf 92' lang='lat' dir='ltr'>bus</span> <span class='ocrx_word' id='word_1_37' title='bbox 475 1683 867 1751; x_wconf 90' lang='lat' dir='ltr'>Ciceronem</span> <span class='ocrx_word' id='word_1_38' title='bbox 909 1682 1346 1751; x_wconf 88' lang='lat' dir='ltr'>observatum</span> <span class='ocrx_word' id='word_1_39' title='bbox 1375 1703 1527 1752; x_wconf 88' lang='lat' dir='ltr'>esse</span> <span class='ocrx_word' id='word_1_40' title='bbox 1558 1684 1743 1772; x_wconf 88' lang='lat' dir='ltr'>quod</span> <span class='ocrx_word' id='word_1_41' title='bbox 1772 1685 2030 1755; x_wconf 88' lang='lat' dir='ltr'>valeret</span> <span class='ocrx_word' id='word_1_42' title='bbox 2067 1687 2337 1772; x_wconf 90' lang='lat' dir='ltr'>litteris,</span> <span class='ocrx_word' id='word_1_43' title='bbox 2372 1694 2462 1770; x_wconf 89' lang='lat' dir='ltr'>et,</span> 
     </span>
     <span class='ocr_line' id='line_1_9' title="bbox 313 1797 2464 1891; baseline 0.003 -25"><span class='ocrx_word' id='word_1_44' title='bbox 313 1805 389 1866; x_wconf 87' lang='lat' dir='ltr'>ut</span> <span class='ocrx_word' id='word_1_45' title='bbox 418 1799 717 1885; x_wconf 85' lang='lat' dir='ltr'>aliquem</span> <span class='ocrx_word' id='word_1_46' title='bbox 748 1797 976 1866; x_wconf 89' lang='lat' dir='ltr'>locum</span> <span class='ocrx_word' id='word_1_47' title='bbox 1007 1799 1080 1864; x_wconf 92' lang='lat' dir='ltr'>in</span> <span class='ocrx_word' id='word_1_48' title='bbox 1112 1819 1182 1867; x_wconf 91' lang='lat' dir='ltr'>re</span> <span class='ocrx_word' id='word_1_49' title='bbox 1213 1798 1482 1887; x_wconf 90' lang='lat' dir='ltr'>publica</span> <span class='ocrx_word' id='word_1_50' title='bbox 1511 1807 1799 1885; x_wconf 86' lang='lat' dir='ltr'>teneret,</span> <span class='ocrx_word' id='word_1_51' title='bbox 1830 1821 1909 1868; x_wconf 92' lang='lat' dir='ltr'>eo</span> <span class='ocrx_word' id='word_1_52' title='bbox 1942 1801 2255 1891; x_wconf 87' lang='lat' dir='ltr'>adjutum</span> <span class='ocrx_word' id='word_1_53' title='bbox 2288 1823 2464 1887; x_wconf 88' lang='lat' dir='ltr'>esse,</span> 
     </span>
     <span class='ocr_line' id='line_1_10' title="bbox 311 1913 2470 2007; baseline 0.001 -25"><span class='ocrx_word' id='word_1_54' title='bbox 311 1913 502 2003; x_wconf 89' lang='lat' dir='ltr'>quod</span> <span class='ocrx_word' id='word_1_55' title='bbox 543 1935 681 1982; x_wconf 92' lang='lat' dir='ltr'>non</span> <span class='ocrx_word' id='word_1_56' title='bbox 716 1914 811 1982; x_wconf 91' lang='lat' dir='ltr'>rei</span> <span class='ocrx_word' id='word_1_57' title='bbox 849 1913 1162 2002; x_wconf 89' lang='lat' dir='ltr'>publicae</span> <span class='ocrx_word' id='word_1_58' title='bbox 1194 1920 1481 1996; x_wconf 88' lang='lat' dir='ltr'>tantum,</span> <span class='ocrx_word' id='word_1_59' title='bbox 1519 1914 1641 1983; x_wconf 92' lang='lat' dir='ltr'>sed</span> <span class='ocrx_word' id='word_1_60' title='bbox 1680 1915 1923 1984; x_wconf 90' lang='lat' dir='ltr'>studiis</span> <span class='ocrx_word' id='word_1_61' title='bbox 1952 1917 2159 1984; x_wconf 87' lang='lat' dir='ltr'>etiam</span> <span class='ocrx_word' id='word_1_62' title='bbox 2196 1917 2470 2007; x_wconf 88' lang='lat' dir='ltr'>optimis</span> 
     </span>
     <span class='ocr_line' id='line_1_11' title="bbox 312 2028 2469 2121; baseline 0.001 -23"><span class='ocrx_word' id='word_1_63' title='bbox 312 2049 592 2118; x_wconf 86' lang='lat' dir='ltr'>operam</span> <span class='ocrx_word' id='word_1_64' title='bbox 631 2028 980 2097; x_wconf 85' lang='lat' dir='ltr'>tribueret.</span> <span class='ocrx_word' id='word_1_65' title='bbox 1017 2031 1100 2096; x_wconf 84' lang='lat' dir='ltr'>At</span> <span class='ocrx_word' id='word_1_66' title='bbox 1130 2050 1286 2097; x_wconf 91' lang='lat' dir='ltr'>cum</span> <span class='ocrx_word' id='word_1_67' title='bbox 1323 2031 1558 2118; x_wconf 92' lang='lat' dir='ltr'>populi</span> <span class='ocrx_word' id='word_1_68' title='bbox 1603 2031 1852 2112; x_wconf 87' lang='lat' dir='ltr'>omnis,</span> <span class='ocrx_word' id='word_1_69' title='bbox 1890 2051 2032 2100; x_wconf 91' lang='lat' dir='ltr'>non</span> <span class='ocrx_word' id='word_1_70' title='bbox 2064 2032 2469 2121; x_wconf 86' lang='lat' dir='ltr'>optimatum</span> 
     </span>
     <span class='ocr_line' id='line_1_12' title="bbox 313 2146 2469 2237; baseline -0 -21"><span class='ocrx_word' id='word_1_71' title='bbox 313 2153 609 2229; x_wconf 83' lang='lat' dir='ltr'>tantum,</span> <span class='ocrx_word' id='word_1_72' title='bbox 666 2147 880 2234; x_wconf 84' lang='lat' dir='ltr'>gratia</span> <span class='ocrx_word' id='word_1_73' title='bbox 936 2152 1004 2214; x_wconf 89' lang='lat' dir='ltr'>et</span> <span class='ocrx_word' id='word_1_74' title='bbox 1065 2146 1401 2234; x_wconf 88' lang='lat' dir='ltr'>suffragiis</span> <span class='ocrx_word' id='word_1_75' title='bbox 1458 2147 1545 2214; x_wconf 88' lang='lat' dir='ltr'>ad</span> <span class='ocrx_word' id='word_1_76' title='bbox 1598 2148 2062 2237; x_wconf 89' lang='lat' dir='ltr'>amplissimos</span> <span class='ocrx_word' id='word_1_77' title='bbox 2130 2151 2469 2218; x_wconf 89' lang='lat' dir='ltr'>honorum</span> 
     </span>
     <span class='ocr_line' id='line_1_13' title="bbox 313 2259 2475 2350; baseline 0.002 -23"><span class='ocrx_word' id='word_1_78' title='bbox 313 2259 568 2350; x_wconf 90' lang='lat' dir='ltr'>gradus</span> <span class='ocrx_word' id='word_1_79' title='bbox 607 2260 1152 2350; x_wconf 88' lang='lat' dir='ltr'>perveniendum</span> <span class='ocrx_word' id='word_1_80' title='bbox 1191 2267 1372 2330; x_wconf 86' lang='lat' dir='ltr'>esset</span> <span class='ocrx_word' id='word_1_81' title='bbox 1412 2263 1469 2329; x_wconf 93' lang='lat' dir='ltr'>si</span> <span class='ocrx_word' id='word_1_82' title='bbox 1511 2264 1664 2350; x_wconf 86' lang='lat' dir='ltr'>quis</span> <span class='ocrx_word' id='word_1_83' title='bbox 1702 2284 1847 2331; x_wconf 89' lang='lat' dir='ltr'>rem</span> <span class='ocrx_word' id='word_1_84' title='bbox 1890 2265 2236 2350; x_wconf 82' lang='lat' dir='ltr'>publicam</span> <span class='ocrx_word' id='word_1_85' title='bbox 2267 2265 2475 2334; x_wconf 88' lang='lat' dir='ltr'>vellet</span> 
     </span>
     <span class='ocr_line' id='line_1_14' title="bbox 315 2377 2470 2468; baseline 0.001 -24"><span class='ocrx_word' id='word_1_86' title='bbox 315 2393 696 2464; x_wconf 83' lang='lat' dir='ltr'>capessere,</span> <span class='ocrx_word' id='word_1_87' title='bbox 757 2377 1156 2464; x_wconf 85' lang='lat' dir='ltr'>popularem</span> <span class='ocrx_word' id='word_1_88' title='bbox 1215 2378 1418 2445; x_wconf 90' lang='lat' dir='ltr'>etiam</span> <span class='ocrx_word' id='word_1_89' title='bbox 1476 2385 1763 2446; x_wconf 87' lang='lat' dir='ltr'>ventum</span> <span class='ocrx_word' id='word_1_90' title='bbox 1823 2379 2053 2447; x_wconf 87' lang='lat' dir='ltr'>Cicero</span> <span class='ocrx_word' id='word_1_91' title='bbox 2112 2386 2470 2468; x_wconf 87' lang='lat' dir='ltr'>quaereret</span> 
     </span>
     <span class='ocr_line' id='line_1_15' title="bbox 313 2491 2467 2582; baseline 0.001 -22"><span class='ocrx_word' id='word_1_92' title='bbox 313 2499 383 2560; x_wconf 89' lang='lat' dir='ltr'>et</span> <span class='ocrx_word' id='word_1_93' title='bbox 427 2491 515 2559; x_wconf 91' lang='lat' dir='ltr'>ad</span> <span class='ocrx_word' id='word_1_94' title='bbox 559 2491 780 2580; x_wconf 89' lang='lat' dir='ltr'>plebis</span> <span class='ocrx_word' id='word_1_95' title='bbox 820 2492 1245 2560; x_wconf 86' lang='lat' dir='ltr'>voluntatem</span> <span class='ocrx_word' id='word_1_96' title='bbox 1290 2512 1363 2560; x_wconf 90' lang='lat' dir='ltr'>se</span> <span class='ocrx_word' id='word_1_97' title='bbox 1403 2492 1950 2561; x_wconf 87' lang='lat' dir='ltr'>accommodaret</span> <span class='ocrx_word' id='word_1_98' title='bbox 1990 2514 2268 2562; x_wconf 88' lang='lat' dir='ltr'>necesse</span> <span class='ocrx_word' id='word_1_99' title='bbox 2308 2494 2467 2582; x_wconf 84' lang='lat' dir='ltr'>fuit3</span> 
     </span>
     <span class='ocr_line' id='line_1_16' title="bbox 313 2605 2475 2697; baseline 0.001 -21"><span class='ocrx_word' id='word_1_100' title='bbox 313 2607 504 2696; x_wconf 88' lang='lat' dir='ltr'>atqui</span> <span class='ocrx_word' id='word_1_101' title='bbox 544 2628 686 2675; x_wconf 91' lang='lat' dir='ltr'>non</span> <span class='ocrx_word' id='word_1_102' title='bbox 737 2605 977 2675; x_wconf 87' lang='lat' dir='ltr'>eadem</span> <span class='ocrx_word' id='word_1_103' title='bbox 1015 2606 1199 2695; x_wconf 92' lang='lat' dir='ltr'>plebi</span> <span class='ocrx_word' id='word_1_104' title='bbox 1242 2627 1417 2696; x_wconf 86' lang='lat' dir='ltr'>quae</span> <span class='ocrx_word' id='word_1_105' title='bbox 1465 2608 1881 2697; x_wconf 89' lang='lat' dir='ltr'>principibus</span> <span class='ocrx_word' id='word_1_106' title='bbox 1929 2609 2313 2697; x_wconf 86' lang='lat' dir='ltr'>placebant,</span> <span class='ocrx_word' id='word_1_107' title='bbox 2347 2631 2475 2679; x_wconf 87' lang='lat' dir='ltr'>nec</span> 
     </span>
     <span class='ocr_line' id='line_1_17' title="bbox 315 2722 2469 2812; baseline 0.001 -20"><span class='ocrx_word' id='word_1_108' title='bbox 315 2722 556 2792; x_wconf 89' lang='lat' dir='ltr'>eadem</span> <span class='ocrx_word' id='word_1_109' title='bbox 591 2722 761 2790; x_wconf 87' lang='lat' dir='ltr'>fricti</span> <span class='ocrx_word' id='word_1_110' title='bbox 796 2722 1032 2790; x_wconf 91' lang='lat' dir='ltr'>ciceris</span> <span class='ocrx_word' id='word_1_111' title='bbox 1071 2722 1492 2812; x_wconf 87' lang='lat' dir='ltr'>emptoribus</span> <span class='ocrx_word' id='word_1_112' title='bbox 1531 2743 1705 2812; x_wconf 88' lang='lat' dir='ltr'>quae</span> <span class='ocrx_word' id='word_1_113' title='bbox 1744 2724 2008 2792; x_wconf 89' lang='lat' dir='ltr'>Caesari</span> <span class='ocrx_word' id='word_1_114' title='bbox 2036 2731 2152 2793; x_wconf 89' lang='lat' dir='ltr'>aut</span> <span class='ocrx_word' id='word_1_115' title='bbox 2186 2726 2469 2794; x_wconf 90' lang='lat' dir='ltr'>Lucullo</span> 
     </span>
     <span class='ocr_line' id='line_1_18' title="bbox 314 2837 1796 2926; baseline 0.001 -21"><span class='ocrx_word' id='word_1_116' title='bbox 314 2838 400 2907; x_wconf 89' lang='lat' dir='ltr'>de</span> <span class='ocrx_word' id='word_1_117' title='bbox 429 2837 826 2906; x_wconf 88' lang='lat' dir='ltr'>liberalibus</span> <span class='ocrx_word' id='word_1_118' title='bbox 856 2837 1233 2926; x_wconf 90' lang='lat' dir='ltr'>disciplinis</span> <span class='ocrx_word' id='word_1_119' title='bbox 1264 2839 1605 2907; x_wconf 85' lang='lat' dir='ltr'>sententia</span> <span class='ocrx_word' id='word_1_120' title='bbox 1633 2845 1796 2907; x_wconf 91' lang='lat' dir='ltr'>erat.</span> 
     </span>
    </p>

    <p class='ocr_par' dir='ltr' id='par_1_5' title="bbox 313 2953 2471 4081">
     <span class='ocr_line' id='line_1_19' title="bbox 404 2953 2470 3043; baseline 0 -21"><span class='ocrx_word' id='word_1_121' title='bbox 404 2954 687 3022; x_wconf 88' lang='lat' dir='ltr'>Veteres</span> <span class='ocrx_word' id='word_1_122' title='bbox 735 2953 916 3021; x_wconf 90' lang='lat' dir='ltr'>enim</span> <span class='ocrx_word' id='word_1_123' title='bbox 968 2955 1254 3022; x_wconf 88' lang='lat' dir='ltr'>Romani</span> <span class='ocrx_word' id='word_1_124' title='bbox 1302 2975 1508 3043; x_wconf 90' lang='lat' dir='ltr'>quam</span> <span class='ocrx_word' id='word_1_125' title='bbox 1537 2954 1889 3024; x_wconf 89' lang='lat' dir='ltr'>fastidiose</span> <span class='ocrx_word' id='word_1_126' title='bbox 1929 2956 2261 3023; x_wconf 90' lang='lat' dir='ltr'>victarum</span> <span class='ocrx_word' id='word_1_127' title='bbox 2301 2976 2470 3043; x_wconf 88' lang='lat' dir='ltr'>gen-</span> 
     </span>
     <span class='ocr_line' id='line_1_20' title="bbox 317 3068 2471 3158; baseline 0.002 -24"><span class='ocrx_word' id='word_1_128' title='bbox 317 3069 491 3135; x_wconf 88' lang='lat' dir='ltr'>tium</span> <span class='ocrx_word' id='word_1_129' title='bbox 540 3068 818 3158; x_wconf 87' lang='lat' dir='ltr'>judicia,</span> <span class='ocrx_word' id='word_1_130' title='bbox 885 3089 1132 3154; x_wconf 80' lang='lat' dir='ltr'>moreS,</span> <span class='ocrx_word' id='word_1_131' title='bbox 1193 3076 1372 3138; x_wconf 90' lang='lat' dir='ltr'>artes</span> <span class='ocrx_word' id='word_1_132' title='bbox 1427 3070 1840 3158; x_wconf 89' lang='lat' dir='ltr'>respuerint,</span> <span class='ocrx_word' id='word_1_133' title='bbox 1902 3069 2228 3137; x_wconf 88' lang='lat' dir='ltr'>omnibus</span> <span class='ocrx_word' id='word_1_134' title='bbox 2294 3068 2471 3138; x_wconf 89' lang='lat' dir='ltr'>bene</span> 
     </span>
     <span class='ocr_line' id='line_1_21' title="bbox 317 3184 2469 3274; baseline 0.001 -23"><span class='ocrx_word' id='word_1_135' title='bbox 317 3190 558 3252; x_wconf 89' lang='lat' dir='ltr'>notum</span> <span class='ocrx_word' id='word_1_136' title='bbox 605 3190 672 3252; x_wconf 91' lang='lat' dir='ltr'>et</span> <span class='ocrx_word' id='word_1_137' title='bbox 726 3190 1154 3274; x_wconf 90' lang='lat' dir='ltr'>compertum</span> <span class='ocrx_word' id='word_1_138' title='bbox 1199 3192 1322 3253; x_wconf 90' lang='lat' dir='ltr'>est.</span> <span class='ocrx_word' id='word_1_139' title='bbox 1361 3184 1532 3262; x_wconf 87' lang='lat' dir='ltr'>Quid</span> <span class='ocrx_word' id='word_1_140' title='bbox 1584 3185 1771 3252; x_wconf 90' lang='lat' dir='ltr'>enim</span> <span class='ocrx_word' id='word_1_141' title='bbox 1816 3184 2077 3252; x_wconf 90' lang='lat' dir='ltr'>bonum</span> <span class='ocrx_word' id='word_1_142' title='bbox 2129 3192 2246 3252; x_wconf 88' lang='lat' dir='ltr'>aut</span> <span class='ocrx_word' id='word_1_143' title='bbox 2303 3185 2469 3253; x_wconf 92' lang='lat' dir='ltr'>utile</span> 
     </span>
     <span class='ocr_line' id='line_1_22' title="bbox 317 3299 2469 3390; baseline -0.001 -19"><span class='ocrx_word' id='word_1_144' title='bbox 317 3302 594 3390; x_wconf 87' lang='lat' dir='ltr'>superbi</span> <span class='ocrx_word' id='word_1_145' title='bbox 645 3321 860 3388; x_wconf 86' lang='lat' dir='ltr'>aeque</span> <span class='ocrx_word' id='word_1_146' title='bbox 907 3321 986 3368; x_wconf 88' lang='lat' dir='ltr'>ac</span> <span class='ocrx_word' id='word_1_147' title='bbox 1043 3302 1274 3369; x_wconf 89' lang='lat' dir='ltr'>rustici</span> <span class='ocrx_word' id='word_1_148' title='bbox 1331 3302 1624 3369; x_wconf 86' lang='lat' dir='ltr'>victores</span> <span class='ocrx_word' id='word_1_149' title='bbox 1681 3301 2124 3390; x_wconf 87' lang='lat' dir='ltr'>opinarentur</span> <span class='ocrx_word' id='word_1_150' title='bbox 2174 3320 2213 3365; x_wconf 88' lang='lat' dir='ltr'>a</span> <span class='ocrx_word' id='word_1_151' title='bbox 2274 3299 2469 3368; x_wconf 81' lang='lat' dir='ltr'>victis</span> 
     </span>
     <span class='ocr_line' id='line_1_23' title="bbox 315 3415 2469 3494; baseline -0.002 -8"><span class='ocrx_word' id='word_1_152' title='bbox 315 3438 548 3486; x_wconf 90' lang='lat' dir='ltr'>secum</span> <span class='ocrx_word' id='word_1_153' title='bbox 599 3416 1178 3484; x_wconf 89' lang='lat' dir='ltr'>communicatum</span> <span class='ocrx_word' id='word_1_154' title='bbox 1226 3417 1358 3483; x_wconf 84' lang='lat' dir='ltr'>iri?</span> <span class='ocrx_word' id='word_1_155' title='bbox 1389 3415 1647 3494; x_wconf 85' lang='lat' dir='ltr'>Quibus</span> <span class='ocrx_word' id='word_1_156' title='bbox 1697 3416 1954 3484; x_wconf 88' lang='lat' dir='ltr'>artibus</span> <span class='ocrx_word' id='word_1_157' title='bbox 2006 3436 2143 3484; x_wconf 92' lang='lat' dir='ltr'>non</span> <span class='ocrx_word' id='word_1_158' title='bbox 2185 3415 2272 3482; x_wconf 90' lang='lat' dir='ltr'>ad</span> <span class='ocrx_word' id='word_1_159' title='bbox 2312 3417 2469 3483; x_wconf 86' lang='lat' dir='ltr'>vin-</span> 
     </span>
     <span class='ocr_line' id='line_1_24' title="bbox 314 3530 2467 3620; baseline -0.002 -19"><span class='ocrx_word' id='word_1_160' title='bbox 314 3532 638 3616; x_wconf 88' lang='lat' dir='ltr'>cendum,</span> <span class='ocrx_word' id='word_1_161' title='bbox 665 3531 785 3599; x_wconf 92' lang='lat' dir='ltr'>sed</span> <span class='ocrx_word' id='word_1_162' title='bbox 816 3531 900 3599; x_wconf 93' lang='lat' dir='ltr'>ad</span> <span class='ocrx_word' id='word_1_163' title='bbox 931 3531 1314 3620; x_wconf 88' lang='lat' dir='ltr'>parendum</span> <span class='ocrx_word' id='word_1_164' title='bbox 1345 3531 1573 3616; x_wconf 84' lang='lat' dir='ltr'>foede,</span> <span class='ocrx_word' id='word_1_165' title='bbox 1602 3533 1717 3620; x_wconf 85' lang='lat' dir='ltr'>qui</span> <span class='ocrx_word' id='word_1_166' title='bbox 1752 3551 1866 3599; x_wconf 90' lang='lat' dir='ltr'>eas</span> <span class='ocrx_word' id='word_1_167' title='bbox 1897 3532 2223 3614; x_wconf 89' lang='lat' dir='ltr'>colerent,</span> <span class='ocrx_word' id='word_1_168' title='bbox 2250 3530 2467 3597; x_wconf 89' lang='lat' dir='ltr'>addu-</span> 
     </span>
     <span class='ocr_line' id='line_1_25' title="bbox 314 3645 2465 3735; baseline -0.002 -18"><span class='ocrx_word' id='word_1_169' title='bbox 314 3657 652 3728; x_wconf 85' lang='lat' dir='ltr'>cerentur,</span> <span class='ocrx_word' id='word_1_170' title='bbox 690 3667 804 3715; x_wconf 92' lang='lat' dir='ltr'>eas</span> <span class='ocrx_word' id='word_1_171' title='bbox 835 3653 908 3715; x_wconf 91' lang='lat' dir='ltr'>ut</span> <span class='ocrx_word' id='word_1_172' title='bbox 937 3653 1258 3715; x_wconf 86' lang='lat' dir='ltr'>externae</span> <span class='ocrx_word' id='word_1_173' title='bbox 1288 3652 1524 3735; x_wconf 85' lang='lat' dir='ltr'>gentes</span> <span class='ocrx_word' id='word_1_174' title='bbox 1558 3647 1929 3715; x_wconf 87' lang='lat' dir='ltr'>retinerent</span> <span class='ocrx_word' id='word_1_175' title='bbox 1958 3645 2306 3734; x_wconf 86' lang='lat' dir='ltr'>optabant,</span> <span class='ocrx_word' id='word_1_176' title='bbox 2339 3647 2465 3734; x_wconf 90' lang='lat' dir='ltr'>ipsi</span> 
     </span>
     <span class='ocr_line' id='line_1_26' title="bbox 313 3761 2467 3860; baseline -0.002 -28"><span class='ocrx_word' id='word_1_177' title='bbox 313 3765 398 3832; x_wconf 87' lang='lat' dir='ltr'>ab</span> <span class='ocrx_word' id='word_1_178' title='bbox 431 3765 512 3830; x_wconf 91' lang='lat' dir='ltr'>iis</span> <span class='ocrx_word' id='word_1_179' title='bbox 555 3762 1032 3831; x_wconf 88' lang='lat' dir='ltr'>abhorrebant.</span> <span class='ocrx_word' id='word_1_180' title='bbox 1070 3763 1272 3846; x_wconf 80' lang='lat' dir='ltr'>Quin,</span> <span class='ocrx_word' id='word_1_181' title='bbox 1317 3762 1605 3830; x_wconf 86' lang='lat' dir='ltr'>Graecos</span> <span class='ocrx_word' id='word_1_182' title='bbox 1644 3783 1803 3830; x_wconf 90' lang='lat' dir='ltr'>cum</span> <span class='ocrx_word' id='word_1_183' title='bbox 1847 3761 2467 3860; x_wconf 85' lang='lat' dir='ltr'>animadverterent</span> 
     </span>
     <span class='ocr_line' id='line_1_27' title="bbox 314 3876 2464 3966; baseline -0.002 -18"><span class='ocrx_word' id='word_1_184' title='bbox 314 3886 384 3948; x_wconf 86' lang='lat' dir='ltr'>et</span> <span class='ocrx_word' id='word_1_185' title='bbox 429 3878 762 3963; x_wconf 87' lang='lat' dir='ltr'>doctrina,</span> <span class='ocrx_word' id='word_1_186' title='bbox 805 3883 874 3946; x_wconf 92' lang='lat' dir='ltr'>et</span> <span class='ocrx_word' id='word_1_187' title='bbox 920 3877 1109 3945; x_wconf 91' lang='lat' dir='ltr'>omni</span> <span class='ocrx_word' id='word_1_188' title='bbox 1157 3877 1535 3946; x_wconf 88' lang='lat' dir='ltr'>litterarum</span> <span class='ocrx_word' id='word_1_189' title='bbox 1588 3897 1860 3966; x_wconf 85' lang='lat' dir='ltr'>genere,</span> <span class='ocrx_word' id='word_1_190' title='bbox 1918 3880 2007 3961; x_wconf 90' lang='lat' dir='ltr'>et,</span> <span class='ocrx_word' id='word_1_191' title='bbox 2066 3895 2154 3943; x_wconf 91' lang='lat' dir='ltr'>ne</span> <span class='ocrx_word' id='word_1_192' title='bbox 2215 3876 2464 3963; x_wconf 89' lang='lat' dir='ltr'>longus</span> 
     </span>
     <span class='ocr_line' id='line_1_28' title="bbox 315 3990 2469 4081; baseline -0.002 -18"><span class='ocrx_word' id='word_1_193' title='bbox 315 3996 471 4074; x_wconf 88' lang='lat' dir='ltr'>sim,</span> <span class='ocrx_word' id='word_1_194' title='bbox 507 3992 764 4060; x_wconf 90' lang='lat' dir='ltr'>artibus</span> <span class='ocrx_word' id='word_1_195' title='bbox 809 3993 951 4060; x_wconf 90' lang='lat' dir='ltr'>suis</span> <span class='ocrx_word' id='word_1_196' title='bbox 989 3993 1220 4061; x_wconf 91' lang='lat' dir='ltr'>minus</span> <span class='ocrx_word' id='word_1_197' title='bbox 1257 4013 1458 4081; x_wconf 90' lang='lat' dir='ltr'>posse</span> <span class='ocrx_word' id='word_1_198' title='bbox 1503 3992 1833 4080; x_wconf 90' lang='lat' dir='ltr'>superari,</span> <span class='ocrx_word' id='word_1_199' title='bbox 1880 3990 2244 4059; x_wconf 87' lang='lat' dir='ltr'>ferociores</span> <span class='ocrx_word' id='word_1_200' title='bbox 2274 3997 2469 4058; x_wconf 86' lang='lat' dir='ltr'>erant</span> 
     </span>
    </p>
   </div>
   <div class='ocr_carea' id='block_1_5' title="bbox 377 4216 882 4280">
    <p class='ocr_par' dir='ltr' id='par_1_6' title="bbox 377 4216 882 4280">
     <span class='ocr_line' id='line_1_29' title="bbox 377 4216 882 4280; baseline -0.006 -13"><span class='ocrx_word' id='word_1_201' title='bbox 377 4218 422 4267; x_wconf 83' lang='lat'>1.</span> <span class='ocrx_word' id='word_1_202' title='bbox 445 4216 641 4280; x_wconf 68' lang='lat' dir='ltr'>Epist„</span> <span class='ocrx_word' id='word_1_203' title='bbox 671 4219 718 4278; x_wconf 87' lang='lat'>4,</span> <span class='ocrx_word' id='word_1_204' title='bbox 748 4217 882 4265; x_wconf 78' lang='lat'><strong>&#39;1-10.</strong></span> 
     </span>
    </p>
   </div>
  </div>
 </body>
</html>
