3100 5042
1541 475 1823 538 -6-

601 609 744 680 suis
791 609 1020 678 oblata
1075 631 1304 679 rerum
1355 611 1819 678 Romanarum
1866 609 2197 677 memoria
2244 611 2261 644 ¹
2310 608 2791 690 accendebat,

599 724 969 795 familiares
1007 725 1409 814 flagrantem
1445 723 1672 793 studio
1713 724 1939 793 laudis
1976 724 2045 792 in
2086 743 2279 814 spem
2309 722 2801 812 impellebant

601 861 802 931 posse
863 842 1114 910 virtute
1160 860 1258 926 se,
1301 841 1451 908 sine
1508 839 1847 928 praesidio
1894 839 2236 925 fortunae,
2284 861 2419 930 quo
2474 847 2793 908 conten-

601 955 836 1042 disset,
870 956 1102 1025 labore
1132 960 1200 1024 et
1236 957 1617 1024 constantia
1643 955 2002 1046 pervenire
2031 958 2074 1024 ².
2102 956 2189 1024 Ut
2216 956 2444 1046 igitur,
2480 962 2787 1044 sumpta

602 1071 780 1141 virili
815 1078 993 1159 toga,
1037 1091 1076 1140 a
1111 1080 1301 1161 patre
1338 1070 1423 1138 ad
1469 1072 1544 1149 Q.
1592 1071 1987 1139 Scaevolam
2017 1069 2363 1156 ‚deductus
2405 1077 2509 1140 est
2536 1073 2579 1154 ³,
2618 1091 2785 1159 quo

605 1207 806 1255 nemo
848 1187 919 1253 in
952 1187 1107 1274 jure
1156 1185 1455 1255 dicundo
1496 1185 1900 1275 prudentior
1944 1185 2352 1272 habebatur,
2410 1187 2782 1275 Lucioque

603 1303 870 1387 Crasse,
904 1308 1248 1370 oratorum
1279 1303 1396 1390 qui
1426 1300 1705 1391 quidem
1726 1307 1890 1370 tunc
1913 1308 2109 1370 erant
2137 1303 2774 1391 praestantissimO,

601 1419 694 1486 ita
721 1417 992 1486 deditus
1033 1418 1186 1501 fuit,
1228 1423 1303 1485 ut
1341 1437 1422 1486 ea
1464 1416 1757 1486 disceret
1795 1437 1970 1506 quae
2009 1419 2250 1486 Crasso
2281 1419 2649 1507 placerent,
2688 1428 2781 1487 et

601 1532 686 1601 ab
759 1533 844 1600 iis
909 1531 1347 1618 doctoribus,
1410 1532 1659 1622 quibus
1714 1534 1829 1602 ille
1898 1541 2243 1620 uteretur,
2305 1533 2769 1619 erudiretur⁴‚

602 1670 880 1718 omnem
920 1650 1249 1719 continuo
1289 1651 1623 1718 rationem
1669 1650 1847 1736 iniit,
1890 1671 2026 1738 qua
2062 1657 2129 1718 et
2163 1651 2404 1718 litteris
2446 1650 2777 1720 eruditis-

603 1767 819 1836 simus
858 1772 926 1834 et
963 1765 1051 1834 ad
1089 1765 1549 1855 capessendos
1587 1767 1657 1833 in
1700 1787 1771 1834 re
1820 1765 2092 1855 publica
2136 1765 2435 1835 honores
2472 1769 2768 1856 paratis-

605 1883 819 1951 simus
859 1889 1090 1970 posset
1123 1881 1448 1968 evadere,
1491 1902 1663 1971 quas
1708 1879 1989 1970 quidem
2029 1881 2201 1951 duas
2240 1902 2350 1951 res
2384 1903 2542 1950 cum
2572 1881 2767 1950 haud

605 1997 972 2066 dissimiles
1002 1998 1180 2066 inter
1207 2017 1306 2080 se,
1340 1997 1603 2066 nedum
1633 2005 2117 2088 repugnanteS,
2145 1999 2587 2083 existimaret,
2614 2019 2761 2068 non

605 2115 689 2183 iis
718 2133 981 2182 morem
1024 2115 1259 2203 gessit,
1293 2115 1434 2203 qui,
1468 2136 1605 2204 quo
1644 2116 1910 2184 facilius
1951 2115 2315 2185 incensum
2355 2116 2581 2212 studio
2616 2116 2759 2184 dis-

605 2229 802 2300 cendi
845 2249 884 2296 a
923 2227 1232 2298 doctrina
1279 2229 1727 2316 deterrerent,
1766 2232 2044 2300 inanem
2090 2233 2239 2300 fore
2286 2252 2565 2301 omnem
2607 2234 2761 2322 ejus

603 2344 905 2414 laborem
939 2344 1464 2431 denuntiabant,
1496 2346 1804 2435 falsoque
1829 2346 2308 2436 praedicabant
2337 2350 2409 2415 L.
2438 2348 2757 2416 Crassum

605 2480 850 2550 paene,
897 2461 1197 2529 Marcum
1237 2469 1462 2529 autem
1504 2463 1881 2530 Antonium
1933 2463 2217 2532 omnino
2263 2463 2489 2531 omnis
2526 2462 2759 2532 erudi-

604 2577 808 2644 tionis
837 2583 1184 2664 expertem
1225 2585 1428 2666 atque
1460 2577 1777 2665 ignarum
1812 2599 1963 2647 esse
1996 2581 2040 2645 ¹⁵.

697 2693 878 2769 Quae
929 2697 1158 2759 autem
1206 2693 1565 2780 praecipue
1604 2712 1714 2760 ars
1759 2693 2049 2761 colenda
2087 2700 2266 2762 esset
2309 2715 2448 2762 non
2495 2701 2759 2784 poterat

607 2806 954 2875 dubitare..
980 2807 1178 2875 Eccui
1219 2808 1428 2890 enim,
1475 2807 1609 2876 nisi
1653 2809 2109 2897 eloquentiae,
2145 2811 2441 2877 maxima
2487 2830 2760 2900 semper

606 2923 677 2990 in
736 2921 913 2991 Urbe
973 2923 1274 3011 praemia
1327 2924 1674 3011 proposita.
1727 2924 2041 2992 fuerant?
2092 2925 2379 3012 Ecquae,
2434 2926 2563 2994 nisi
2614 2927 2757 2994 elo-

609 3040 911 3129 quentia,
964 3041 1219 3128 primas
1269 3059 1540 3128 semper
1587 3041 1659 3106 in
1720 3060 1791 3107 re
1842 3039 2111 3128 publica
2166 3047 2517 3109 tenuerat?
2575 3043 2757 3119 Qua-

609 3331 683 3381 De
711 3333 907 3396 optimo
935 3349 1120 3398 yenere
1149 3339 1420 3386 oratorum
1455 3335 1847 3396 inscribuntur,
1873 3349 1995 3385 cum
2026 3335 2269 3386 nondum
2296 3349 2328 3385 a
2346 3334 2620 3386 Friedrich
2649 3336 2763 3384 sint

613 3403 893 3467 recogniti,
926 3406 981 3454 in
1029 3407 1225 3457 Baiteri
1272 3411 1326 3457 et
1359 3408 1577 3470 Kayseri
1607 3409 1779 3458 altero
1816 3409 2093 3458 volumine
2128 3407 2347 3470 perlegi,
2378 3406 2590 3469 Lipsiae
2617 3402 2758 3468 apud

611 3474 987 3526 Tauchnitium
1032 3477 1198 3528 edito.
1239 3479 1482 3540 Denique
1506 3479 1810 3528 orationum
1834 3493 1936 3542 pro
1964 3478 2158 3528 Archia
2183 3481 2343 3543 poeta
2371 3483 2424 3529 et
2453 3479 2507 3527 in
2543 3477 2598 3527 C.
2636 3477 2764 3526 Ver·

611 3560 716 3595 rem
742 3546 809 3595 IV
837 3550 891 3597 et
917 3549 960 3599 V
989 3550 1235 3612 exempla
1261 3550 1331 3599 ab
1358 3550 1586 3599 Aemilio
1613 3551 1846 3601 Thomas
1878 3564 2049 3614 nuper
2076 3551 2293 3613 egregie
2321 3553 2509 3600 curata
2536 3554 2590 3598 et
2620 3549 2762 3599 Pari-

609 3617 707 3667 siis
731 3619 874 3680 apud
906 3619 1163 3670 Hachette
1191 3620 1339 3670 edite
1363 3620 1614 3682 adhibui3
1645 3619 1985 3685 epistolarum
2019 3626 2198 3671 autem
2229 3621 2305 3670 ad
2340 3623 2391 3670 Τ.
2423 3621 2764 3682 Pomponium

609 3688 844 3738 Atticum
884 3688 1045 3738 libros
1075 3691 1213 3751 XVI,
1243 3689 1311 3739 ab
1345 3691 1383 3740 1.
1419 3691 1473 3741 C.
1510 3692 1569 3741 G.
1600 3692 1735 3743 Boot
1771 3706 1915 3742 anno
1956 3693 2077 3742 1886
2112 3693 2327 3754 iterum,
2358 3690 2763 3748 Amstelodami‚

610 3759 752 3822 apud
775 3759 1073 3811 J'ohannem
1099 3762 1321 3812 Mueller
1344 3762 1599 3824 prolatos.

677 3831 725 3881 1.
757 3831 832 3880 De
853 3831 968 3896 effi,
999 3833 1046 3892 3,
1076 3833 1150 3890 19,
1177 3835 1260 3893 773
1284 3847 1386 3896 pro
1413 3832 1595 3896 Balbe,
1626 3837 1670 3892 5,
1708 3837 1783 3884 11.

675 3904 727 3951 2.
759 3902 864 3950 Pro
891 3903 959 3951 M.
992 3901 1207 3965 ScaurO,
1237 3906 1283 3962 1,
1315 3908 1362 3954 6.

674 3974 722 4022 3.
751 3973 824 4022 De
843 3973 1098 4036 amicitia,
1130 3977 1176 4035 1,
1208 3976 1252 4025 1.

671 4045 717 4093 4.
748 4043 824 4094 De
845 4049 1006 4108 orat„
1031 4047 1079 4109 2,
1107 4049 1153 4108 1,
1183 4048 1231 4096 2.

672 4118 718 4166 5.
750 4117 824 4167 De
851 4120 1010 4180 orat„
1039 4120 1086 4180 2,
1121 4120 1166 4182 1,
1195 4120 1240 4168 1.

3066 1894 3082 1999 -ε-
3066 1678 3082 1820 4-9
