3100 5042
1573 501 1892 566 „40-

669 641 833 710 boni
904 637 1300 707 nominibus
1377 637 1704 719 ornavit¹‚
1766 636 1915 722 sed,
1979 635 2064 705 de
2122 637 2496 705 Stoicorum
2555 639 2817 727 placitis

663 756 929 846 jocans,
965 755 1181 824 multa
1210 754 1498 823 orationi
1532 773 1657 842 pro
1690 753 1970 824 Murena
2008 752 2276 822 habitae
2304 755 2616 843 aspersit,
2646 777 2818 844 quae

672 873 837 941 solis
893 872 1222 960 imperitis
1262 869 1569 958 jucunda
1611 869 1835 938 forent
1853 871 1897 936 ².
1941 868 2117 946 Quid
2154 890 2314 958 ergo
2363 871 2672 938 cessabat
2716 873 2820 941 vir

672 988 984 1056 omnium
1029 986 1364 1054 bonarum
1407 985 1655 1052 artium
1701 982 2051 1053 studiosus
2108 984 2319 1054 libere
2378 986 2593 1073 loqui,
2643 1005 2815 1075 quae

678 1103 961 1172 sentiret
1000 1101 1284 1190 aperire,
1316 1120 1491 1188 quae
1531 1106 1789 1167 amaret
1826 1098 2129 1183 laudare,
2152 1100 2373 1189 qualis
2394 1101 2603 1169 homo
2636 1106 2817 1170 esset

675 1215 1028 1307 profiteri?
1061 1215 1390 1299 Tandem,
1426 1216 1729 1303 quinque
1758 1220 1827 1283 et
1854 1214 2301 1304 quadraginta
2328 1237 2549 1284 annos
2587 1223 2811 1301 natuS,

668 1339 1028 1422 postquam
1105 1331 1414 1420 proximo
1490 1351 1674 1398 anno
1738 1337 1806 1398 et
1870 1331 2302 1400 consulatum
2362 1339 2691 1420 gesserat,
2752 1339 2818 1401 et

675 1447 928 1516 Urbem
975 1445 1297 1516 incendio
1353 1446 1707 1534 ruinisque
1761 1445 2187 1531 liberaverat,
2240 1453 2307 1515 et
2356 1448 2815 1516 immortalem

675 1563 963 1652 gloriam
1033 1567 1436 1630 consecutus
1502 1566 1670 1646 erat,
1736 1582 1895 1630 cum
1966 1568 2238 1650 poetam
2304 1564 2815 1631 ornatissimum

669 1678 1102 1766 eundemque
1143 1699 1346 1746 suum
1391 1677 1819 1760 familiarem,
1858 1678 2106 1755 Quinto
2143 1678 2464 1747 Cicerone
2506 1685 2815 1766 praetore

676 1799 1035 1863 exercente
1085 1793 1448 1882 judicium,
1503 1791 1923 1876 defenderet,
1966 1793 2342 1862 auctoritati
2398 1814 2603 1882 quam
2664 1813 2815 1884 per-

673 1930 994 1998 magnam
1039 1909 1222 1998 apud
1265 1910 1447 1977 cives
1488 1913 1731 1976 nactus
1774 1913 1918 1975 erat
1962 1909 2262 1977 confisus
2306 1918 2376 1978 et
2416 1929 2456 1977 a
2497 1908 2815 1978 diuturna

679 2023 1028 2093 discedere
1057 2023 1419 2112 prudentia
1455 2043 1665 2090 ausus
1698 2028 1823 2090 est.

1696 2353 1789 2418 III

753 2550 945 2617 Multi
983 2547 1255 2638 quidem
1306 2547 1579 2636 saepius
1627 2545 1791 2634 quid
1839 2547 1913 2612 in
1954 2547 2185 2614 animo
2238 2546 2609 2629 habuisset,
2652 2544 2815 2634 quid

667 2665 793 2734 sibi
833 2665 1301 2754 proposuisset.
1330 2663 1561 2730 Cicero
1592 2682 1749 2730 cum
1788 2663 2165 2729 orationem
2198 2682 2371 2750 quae
2395 2682 2527 2748 pro
2556 2663 2814 2730 Archia

668 2779 1058 2848 inscribitur
1121 2779 1484 2847 conficeret
1529 2776 2051 2866 indagaverunt.
2104 2777 2406 2854 Quorum
2464 2779 2578 2845 alii
2636 2778 2814 2848 Cice-

661 2915 924 2979 ronem,
969 2900 1207 2984 poetae
1255 2894 1352 2962 rei
1395 2893 1752 2961 occasione
1800 2892 1980 2974 data,
2013 2893 2394 2961 litterarum
2434 2915 2507 2962 re
2550 2915 2713 2962 vera
2752 2900 2817 2961 et

673 3013 1084 3103 optimarum
1130 3011 1373 3079 art-ium
1433 3009 1884 3099 patrocinium
1928 3010 2307 3098 suscepisse
2334 3011 2387 3092 ³;
2426 3010 2537 3076 alii
2588 3016 2815 3078 autem

665 3135 1060 3218 patronum,
1093 3126 1266 3194 nihil
1296 3124 1484 3194 aliud
1518 3124 1604 3192 de
1634 3125 1876 3192 litteris
1904 3125 2037 3192 nisi
2070 3145 2205 3213 quo
2237 3145 2439 3193 causa
2465 3125 2816 3194 fulciretur

665 3245 1032 3329 dicentem,
1063 3264 1282 3311 unum
1311 3242 1628 3309 Archiam
1660 3241 1733 3307 in
1771 3241 2094 3310 universa
2132 3241 2433 3310 oratione
2474 3248 2815 3330 spectasse

669 3366 734 3428 et
802 3357 1193 3427 defendisse
1259 3356 1757 3425 contendunt⁴.
1814 3358 2086 3426 Neutris
2146 3365 2264 3426 aut
2323 3357 2636 3426 assentiri
2702 3362 2817 3426 aut

733 3588 777 3634 1.
808 3587 909 3634 Pro
929 3585 1170 3648 Murena,
1203 3589 1278 3647 14,
1311 3589 1388 3635 30.

737 3659 786 3705 2.
812 3656 946 3707 Vide
973 3657 1037 3706 de
1055 3657 1191 3718 Pin„
1215 3658 1263 3719 4,
1290 3659 1368 3718 27,
1397 3658 1476 3706 74.

731 3730 778 3778 3.
814 3747 839 3773 «
867 3727 944 3777 On
977 3728 1089 3777 voit
1121 3727 1350 3778 aussimt
1378 3742 1484 3790 que
1511 3729 1560 3778 le
1593 3733 1783 3793 proces
1809 3729 2079 3781 d'Archias
2106 3731 2190 3781 n'a
2225 3730 2401 3781 sourni
2439 3729 2606 3792 qu’un
2640 3724 2817 3785 cadre,

671 3800 801 3862 qu’il
828 3799 1014 3849 n'etait
1041 3799 1203 3861 qu’un
1229 3801 1500 3862 pretexte3
1530 3815 1637 3863 que
1665 3803 1716 3850 la
1743 3802 2003 3864 premiere
2032 3804 2205 3864 partie
2234 3802 2395 3852 serait
2421 3801 2600 3864 plutot
2638 3810 2743 3859 que
2769 3796 2817 3844 la

673 3871 909 3922 seconde
940 3884 1043 3920 une
1079 3871 1408 3931 digression3
1435 3872 1625 3934 qu'elle
1656 3873 1791 3922 n'est
1814 3873 1973 3937 qu'un
2000 3876 2155 3922 court
2184 3872 2515 3935 preambule,
2546 3869 2761 3919 destina
2789 3869 2820 3915 a

679 3955 898 3992 amener
940 3942 992 3990 la
1034 3943 1205 4004 partie
1246 3942 1542 4006 principale
1592 3943 1665 3992 du
1713 3943 1975 4004 discourS,
2004 3946 2055 3992 la
2090 3945 2235 3993 vraie
2276 3957 2447 3995 cause.
2476 3945 2508 3991 a
2554 3940 2734 3990 savoir
2771 3938 2821 3985 la

671 4013 885 4064 defense
911 4013 1006 4062 des
1036 4013 1224 4063 etudes
1251 4015 1608 4064 nouvelles....
1629 4035 1650 4056 1·
1675 4015 1733 4064 E.
1752 4015 2001 4076 ThomaS,
2028 4016 2267 4064 Discours
2294 4015 2359 4065 de
2384 4014 2595 4063 Cicer-on
2615 4024 2752 4075 pour
2774 4007 2821 4056 le

664 4087 813 4151 poete
845 4082 1138 4133 Archiam...
1164 4085 1328 4144 Paris,
1360 4084 1635 4153 Hachette‚
1669 4085 1815 4145 18833
1840 4084 2224 4146 Introduction,
2251 4100 2300 4148 p.
2334 4087 2379 4135 9.

733 4159 777 4205 4.
809 4174 832 4199 «
865 4155 936 4204 Lc
969 4168 1066 4218 pro
1099 4156 1292 4206 Archia
1319 4160 1398 4205 est
1440 4161 1603 4206 avant
1660 4159 1775 4206 tout
1824 4161 1877 4206 et
1928 4157 2283 4206 directement
2314 4170 2385 4206 un
2425 4154 2706 4218 plaidoyer
2752 4163 2815 4200 en
