3100 5042
1242 516 1322 527 -
1362 481 1442 546 63
1480 517 1562 529 .-

330 617 746 700 oratorz'buS,
780 614 955 682 alter
993 619 1244 684 Orator
1277 614 1648 706 inscriptus
1688 605 1814 687 e'st.
1851 621 2013 689 Illos
2049 629 2278 692 autem
2315 647 2476 694 cum

328 733 611 822 dialogis
642 733 727 800 de
769 735 1059 800 Oratore
1097 730 1437 800 artissime
1476 733 1842 804 cohaerere
1869 738 2307 826 perspicuum
2341 749 2470 823 est,
2551 747 2586 802 '-

325 871 473 920 cum
496 850 728 916 Cicero
757 847 1055 936 primum
1086 845 1171 914 ad
1200 845 1718 916 informandum
1749 856 2088 920 oratorem
2115 863 2472 946 praecepta

322 964 659 1055 posuerit,
712 967 947 1052 postea
994 981 1238 1030 omnes
1285 963 1404 1050 qui
1456 963 1710 1033 Romae
1756 967 2087 1036 vixissent
2135 976 2461 1057 oratoreS,

320 1083 581 1150 ratione
630 1086 1019 1166 temporum
1064 1076 1389 1160 adhibita,
1435 1083 1942 1151 enumeraverit
1977 1090 2046 1151 et
2083 1086 2464 1156 secundum

318 1200 675 1288 praecepta
704 1213 828 1263 sua
840 1192 1267 1283 judicaverit,
1291 1201 1722 1284 postremum
1743 1197 1963 1284 qualis
1989 1199 2076 1267 sit
2103 1208 2330 1270 orator
2348 1204 2464 1273 ille

316 1310 701 1401 quaesierit,
746 1330 882 1398 quo
919 1313 1278 1398 praecepta
1326 1310 1557 1378 omnia
1609 1317 1885 1382 tenente
1924 1335 2302 1406 omnesque
2341 1319 2458 1408 qui

315 1450 383 1498 re
430 1428 580 1516 ipsa
626 1425 1011 1495 exstiterint
1058 1431 1361 1495 oratores
1401 1433 1767 1515 superante
1816 1448 2022 1499 nemo
2057 1452 2208 1502 esse
2246 1436 2462 1522 possit

314 1542 781 1635 praestantior.
817 1543 1054 1628 Neque
1085 1547 1313 1610 tamen
1353 1541 1505 1610 ideo
1544 1547 1809 1610 tantum
1852 1545 2155 1614 Ciceroni
2193 1555 2458 1620 Brutus

311 1666 376 1728 et
417 1663 673 1728 Orator
713 1657 785 1723 in
828 1654 1149 1724 manibus
1194 1655 1404 1724 fuisse
1442 1656 1731 1746 putandi
1771 1666 1933 1727 sunt
1971 1667 2046 1728 ut
2076 1662 2220 1748 jam
2258 1663 2458 1734 editis

308 1775 391 1843 de
448 1780 589 1843 arte
649 1771 919 1840 dicendi
964 1771 1161 1840 libris
1218 1772 1539 1841 cumulus
1591 1773 1963 1858 accederet,
2013 1796 2172 1844 cum
2220 1786 2456 1848 contra

308 1891 541 1958 multis
570 1890 722 1958 aliis
760 1888 982 1957 causis
1021 1887 1109 1955 ad
1138 1888 1266 1955 hos
1299 1888 1713 1976 posteriores
1753 1889 1964 1958 libros
1998 1892 2455 1962 conficiendos

304 2006 682 2094 impulsum
723 2024 874 2073 esse
912 2024 1056 2072 non
1094 2004 1313 2072 semel
1354 2004 1443 2072 sit
1472 2004 1913 2093 explanatum
1946 2009 1990 2074 ¹.

389 2122 531 2189 Nos
588 2117 862 2208 quide'm
922 2117 1246 2207 quicquid
1300 2119 1429 2187 hac
1484 2118 1572 2187 de
1622 2140 1694 2188 re
1751 2119 1883 2189 dici
1947 2128 2171 2212 potest
2225 2123 2450 2194 dicere

302 2237 663 2322 nolumus;
711 2255 837 2303 nec
882 2233 1049 2323 quid
1086 2233 1308 2301 Attico
1350 2236 1693 2324 Brutoque
1733 2237 2124 2324 petentibus
2169 2259 2448 2309 conces-

301 2352 461 2420 serit
500 2349 1015 2438 explicabimUS,
1061 2368 1187 2416 nec
1225 2355 1480 2437 quanto
1524 2369 1729 2438 opere
1768 2371 1808 2417 a
1841 2351 2110 2418 Graecis
2147 2352 2447 2440 palmam

298 2465 731 2555 eloquentiae
792 2483 949 2531 cum
1014 2464 1339 2531 Romanis
1396 2450 1886 2532 communicari
1943 2466 2252 2554 cupierit,
2319 2486 2448 2535 nec

297 2602 432 2669 quo
500 2578 804 2648 sublatae
852 2579 995 2668 jam
1062 2580 1158 2647 rei
1216 2578 1530 2668 publicae
1589 2579 1926 2648 desiderio
1992 2582 2204 2650 teneri
2263 2582 2447 2653 cives

288 2696 611 2786 jusserit,
707 2694 1044 2763 sublatam
1145 2694 1616 2784 eloquentiam
1699 2694 2192 2779 desiderando,
2272 2720 2445 2789 quae

300 2839 331 2874 «
362 2813 550 2900 pacis
586 2830 817 2879 comes
855 2810 1112 2897 otiique
1150 2810 1334 2878 socia
1381 2816 1450 2879 et
1494 2810 1674 2878 bene
1711 2814 2118 2882 constitutae
2157 2815 2443 2884 civitatis

292 2929 484 3016 quasi
532 2927 813 2995 alumna
859 2924 1195 3014 quaedam
1249 2926 1273 2959 ²
1322 2953 1356 2988 »
1412 2926 1679 2994 fuisset.
1732 2929 1875 2995 Hoc
1923 2935 2193 2997 tantum
2246 2930 2442 2999 nobis

289 3043 451 3111 satis
500 3043 589 3110 sit
632 3041 907 3124 referre,
943 3041 1342 3109 Ciceronem
1386 3061 1796 3130 numquam,
1830 3062 1988 3109 cum
2037 3048 2336 3111 Brutum
2373 3051 2442 3113 et

292 3162 654 3228 Oratorem
711 3162 1171 3245 componeret,
1228 3156 1354 3224 has
1402 3175 1598 3224 curas
1657 3155 2024 3241 dimisisse,
2075 3163 2151 3224 ut
2198 3158 2315 3246 qui
2364 3178 2439 3226 se

285 3274 509 3364 ipsum
541 3273 883 3342 incessere
909 3272 1057 3340 ausi
1087 3277 1318 3340 essent
1346 3271 1485 3340 illis
1513 3278 1926 3361 repugnaret
1946 3263 2436 3361 audaciamque

285 3387 759 3474 contunderet,
815 3392 1025 3475 utque
1084 3391 1409 3476 quantam
1458 3385 1737 3455 laudem
1793 3386 1923 3454 sibi
1971 3392 2195 3456 orator
2232 3409 2439 3478 pepe-

284 3506 484 3573 risset
512 3523 599 3572 ne
629 3502 1197 3571 obliviscerentur
1226 3501 1546 3570 homines
1576 3502 1988 3591 impetraret.

338 3711 383 3758 1.
416 3707 557 3768 Lege
589 3706 806 3763 Weber,
839 3705 1037 3767 Quibus
1069 3705 1133 3754 de
1164 3705 1339 3754 causis
1373 3703 1547 3754 Cicero
1576 3707 1703 3768 post
1740 3703 1897 3754 libros
1937 3704 2002 3754 de
2030 3709 2238 3757 oratore
2265 3708 2434 3758 editos

274 3779 433 3828 etiam
482 3800 501 3819 α
534 3777 759 3826 Brutum
792 3799 813 3818 »
859 3775 1131 3840 scripserit
1168 3777 1221 3823 et
1259 3793 1283 3820 «
1310 3775 1590 3826 Oratorem
1624 3795 1668 3836 »‚
1711 3776 1946 3838 Leisnig,
1997 3779 2145 3837 1880;
2191 3778 2432 3839 Mueller,

274 3849 467 3899 Brutus
484 3847 548 3897 de
570 3846 727 3897 clam's
744 3846 1066 3905 oratoribus,
1085 3847 1199 3895 eine
1224 3845 1784 3910 selbstvertheidiqunq
1815 3846 1906 3896 des
1928 3847 1997 3894 M.
2019 3847 2222 3898 Tullius
2238 3849 2431 3909 cicero,

272 3919 515 3982 Colberg,
546 3919 696 3980 18743
724 3918 938 3968 Cicer-on
968 3920 1020 3968 et
1050 3932 1127 3967 ses
1164 3917 1392 3967 ennemis
1429 3916 1738 3981 litteraireS,
1771 3931 1840 3968 ou
1870 3919 1919 3967 le
1955 3919 2167 3976 Brutus,
2203 3919 2431 3970 l’Orator

269 3995 321 4041 et
348 3992 399 4040 le
436 3989 501 4040 de
539 3989 741 4052 Optimo
773 4003 957 4052 ¹qensre
992 3992 1285 4040 oratorum.
1310 3989 1539 4038 Traduit
1576 3988 1733 4038 d'une
1764 3988 1973 4051 preface
2003 3989 2072 4038 de
2100 3990 2168 4039 M.
2201 3991 2261 4041 Ο.
2291 3991 2429 4040 Jahn

273 4076 368 4124 par
390 4063 446 4110 F.
478 4062 652 4111 Gache
681 4064 734 4111 et
760 4061 806 4110 J.
844 4060 993 4124 Sully
1024 4060 1231 4125 Piquet.
1266 4060 1427 4118 Paris,
1464 4059 1826 4121 Klincksieck,
1855 4061 1994 4109 1886.

333 4135 380 4182 2.
413 4133 581 4193 Brut„
612 4133 690 4193 12,
720 4133 798 4181 45.
828 4159 891 4169 —
918 4131 995 4183 Cf.
1027 4131 1245 4191 Weber,
1273 4145 1327 4196 p.
1360 4133 1409 4193 2,
1440 4135 1495 4180 et
1522 4129 1761 4180 Mueller.
