3100 5042
1201 537 1284 549 ...
1321 500 1405 565 '15
1442 536 1526 550 .-

289 634 478 724 quod
527 630 594 703 et
640 635 928 702 Hermes
976 636 1343 705 commune
1393 635 1707 704 omnium
1743 641 1811 704 et
1857 634 2158 706 Minerva
2204 638 2446 726 singu-

284 753 426 821 lare
456 756 558 820 est
587 751 857 839 insigne
893 749 1043 838 ejus
1073 754 1476 840 gymnasii1.
1504 779 1536 816 »
1568 752 1853 820 Fadium
1883 759 2114 822 autem
2144 755 2437 842 Gallum,

284 869 400 957 qui
445 873 704 937 statuas
741 866 1018 956 majoris
1065 870 1346 957 quidem
1385 871 1580 958 pretii
1630 875 1699 939 et
1734 870 2125 939 istiusmodi
2168 874 2445 960 generis

281 983 466 1072 quod
531 982 888 1072 gymnasio
965 985 1196 1053 minus
1269 986 1667 1054 conveniret
1740 986 2023 1054 nomine
2091 987 2435 1057 Ciceronis

283 1100 584 1180 emisset,
619 1099 962 1168 subiratus
999 1099 1114 1168 ille
1153 1099 1559 1189 objurgabat
1592 1125 1607 1167 z
1648 1127 1680 1164 «
1713 1102 1895 1172 Tu...
1931 1103 2208 1192 ignarus
2238 1105 2440 1173 insti·-

283 1218 410 1285 tuti
431 1217 591 1297 mei,
613 1217 848 1305 quanti
869 1237 995 1304 ego
1016 1237 1236 1306 genus
1257 1219 1540 1286 omnino
1574 1219 1927 1307 signorum
1950 1220 2261 1287 omnium
2290 1242 2436 1290 non

281 1335 590 1416 aestim0,
660 1333 828 1401 tanti
892 1334 1022 1402 ista
1094 1342 1413 1424 quattuor
1489 1342 1609 1403 aut
1664 1335 1973 1424 quinque
2054 1339 2431 1426 sumpsisti.

279 1449 573 1517 Bacchas
603 1448 767 1516 istas
805 1469 961 1516 cum
1000 1450 1210 1518 Musis
1238 1451 1490 1519 Metelli
1529 1471 1886 1539 comparas
1921 1475 1935 1516 ε
1970 1451 2136 1540 quid
2168 1453 2437 1522 simile?

278 1564 578 1652 primum
609 1564 791 1652 ipsas
811 1583 937 1652 ego
968 1565 1195 1633 Musas
1228 1586 1608 1654 numquam
1637 1567 1805 1633 tanti
1832 1573 2205 1656 putassem,
2231 1574 2434 1656 atque

276 1679 346 1746 id
383 1679 697 1747 fecissem
737 1680 945 1747 Musis
993 1663 1318 1777 omnibus
1356 1681 1920 1770 approbantibuS‚
1956 1682 2075 1750 sed
2118 1688 2345 1751 tamen
2376 1683 2439 1774 -Ι-

276 1802 468 1863 erant
508 1801 740 1883 aptum
778 1793 1229 1864 bibliothecae
1269 1795 1653 1885 studiisque
1700 1797 1953 1864 nostris
1994 1817 2379 1892 congruens
2411 1823 2430 1886 ;4

275 1909 550 1976 Bacchis
595 1929 756 1977 vero
796 1909 914 1977 ubi
957 1917 1060 1978 est
1105 1910 1288 1999 apud
1345 1930 1455 1978 me
1505 1911 1749 1980 locus?
1790 1950 1880 1963 —
1924 1913 2009 1979 At
2046 1913 2432 2002 pulchellae

274 2030 460 2092 sunt.
495 2063 584 2074 -
610 2025 782 2093 Novi
814 2025 1068 2114 optime
1099 2031 1165 2094 et
1195 2046 1398 2116 saepe
1428 2026 1609 2095 vidi:
1647 2028 2052 2108 nominatim
2087 2028 2207 2096 tibi
2236 2029 2435 2118 signa

273 2141 444 2207 mihi
509 2147 674 2208 nota
733 2140 1174 2210 mandassem
1233 2142 1290 2209 si
1356 2142 1791 2231 probassem3
1854 2164 1935 2211 ea
1986 2143 2173 2212 enim
2232 2145 2428 2233 signa

273 2275 400 2344 ego
449 2274 678 2323 emere
722 2255 937 2341 soleo,
983 2239 1158 2343 quae
1197 2255 1286 2324 ad
1333 2253 1856 2326 similitudinem
1890 2259 2431 2345 <gymnasiorum

271 2364 610 2438 exornent
637 2370 804 2437 mihi
845 2371 915 2438 in
946 2370 1282 2460 palaestra
1311 2372 1541 2440 locum
1580 2374 1624 2438 ².
1664 2399 1695 2433 »

363 2486 692 2572 Denique,
718 2487 788 2552 in
807 2485 1196 2574 judicandis
1225 2487 1309 2554 iis
1339 2487 1456 2576 qui
1487 2487 1926 2555 artificiorum
1948 2488 2174 2558 studio
2204 2490 2431 2558 indul-

268 2607 509 2690 gerent
538 2621 681 2668 non
717 2602 930 2670 semel
961 2587 1262 2670 severior
1292 2603 1633 2671 Ciceronis
1662 2604 2005 2671 sententia
2034 2603 2185 2686 fuit,
2217 2627 2425 2694 quam

265 2725 344 2784 ut
400 2723 539 2784 toto
603 2723 874 2806 pectore
916 2717 1144 2786 eidem
1185 2719 1332 2806 ipse
1383 2717 1611 2786 studio
1657 2718 2030 2788 indulsisse
2083 2719 2425 2790 videatur.

265 2833 448 2900 Haec
476 2833 660 2900 enim
709 2833 1000 2922 scripsit,
1034 2840 1397 2922 postquam
1435 2835 1787 2923 improbos
1830 2836 2145 2904 homines
2186 2857 2421 2906 servos

263 2971 441 3036 esse,
502 2972 796 3040 eumque
854 2953 961 3020 cui
1031 2953 1277 3022 mulier
1335 2955 1625 3042 imperet
1693 2956 2196 3042 nequissimum
2268 2977 2423 3025 esse

265 3088 538 3136 servum
589 3069 962 3157 disputavit
1002 3091 1018 3137 ε
1058 3095 1090 3132 «
1133 3070 1354 3158 Atque
1401 3071 1472 3137 in
1510 3072 1655 3158 pari
1697 3071 1979 3139 stultitia
2018 3079 2205 3157 sunt,
2248 3093 2426 3160 quos⁴

265 3177 480 3272 signa,
544 3205 719 3272 quos
777 3185 1080 3269 tabulae,
1140 3206 1316 3274 quos
1381 3186 1719 3254 caelatum
1784 3192 2187 3274 argentum,
2250 3209 2431 3276 quos

263 3303 610 3371 Corinthia
657 3324 886 3393 opera,
939 3325 1113 3393 quos
1168 3303 1478 3373 aedificia
1535 3305 1895 3394 magnifica
1952 3306 2167 3374 nimio
2218 3327 2425 3396 opere

259 3417 672 3487 delectant³.
714 3447 748 3482 »

321 3653 368 3699 1.
395 3649 483 3699 Ad
506 3649 641 3711 Att„
677 3653 721 3711 1,
753 3653 801 3712 6,
831 3653 966 3712 231,
1003 3651 1047 3712 8,
1083 3652 1140 3712 2;
1174 3653 1218 3711 1,
1251 3653 1297 3711 4,
1325 3653 1370 3700 3.
1400 3678 1463 3687 -
1488 3651 1647 3712 (2121,
1680 3652 1726 3712 5,
1759 3653 1955 3714 7;1‚9,
1986 3655 2038 3712 3;
2069 3656 2115 3714 1,
2147 3655 2227 3714 10,
2261 3655 2319 3714 3;
2350 3655 2423 3704 al.

320 3721 368 3768 2.
402 3721 594 3783 Epist„
629 3723 676 3780 Ἰ,
711 3723 791 3782 23,
815 3724 873 3782 2;
905 3723 1188 3786 sequentia
1215 3721 1356 3771 vide.

318 3794 366 3840 3.
399 3790 616 3846 Ραναᾱ.,
666 3795 711 3854 5,
742 3794 791 3855 2,
830 3795 908 3842 36.
946 3791 1085 3851 Quid
1116 3792 1259 3842 inter
1300 3791 1589 3843 Paradoxa
1632 3797 1683 3844 et
1725 3797 1932 3844 ceteros
1978 3795 2043 3844 de
2074 3795 2419 3860 philosophia

257 3864 426 3913 libros
465 3863 683 3912 intersit
718 3863 818 3913 etsi
860 3878 969 3914 non
1000 3865 1211 3928 ignom,
1237 3867 1440 3927 tamen,
1471 3865 1616 3928 quod
1652 3865 1878 3916 minime
1907 3867 2203 3928 cogebatur
2234 3868 2422 3916 Cicero

250 3935 503 3997 pluribus
550 3935 733 3984 verbis
763 3938 816 3984 et
845 3935 898 3984 in
942 3936 1169 3985 Graecas
1199 3939 1341 3985 artes
1387 3939 1441 3986 et
1485 3937 1539 3985 in
1571 3937 1889 3986 Graecarum
1924 3939 2121 3986 artium
2147 3943 2415 3988 amatores

252 4004 457 4066 invehi,
480 4005 806 4056 documento
828 4020 944 4055 esse
970 4006 1099 4056 talia
1119 4007 1309 4068 opinor
1331 4007 1463 4070 quid
1495 4007 1564 4056 de
1589 4007 1787 4057 artium
1810 4009 2064 4070 operibus
2086 4009 2334 4059 senserit.
2358 4037 2417 4045 —

253 4076 330 4126 Cf.
363 4076 633 4140 Maignen‚
666 4075 805 4136 Quid
829 4076 895 4126 de
922 4077 1084 4141 siquis
1115 4076 1410 4142 tabulisque
1431 4077 1673 4142 pictis...,
1706 4093 1757 4140 p.
1785 4081 1955 4129 22·23.
1981 4107 2043 4114 -
2062 4080 2253 4130 Multos
2270 4081 2423 4130 locos

254 4146 524 4197 orationis
548 4160 686 4209 quae
716 4147 1035 4198 inscribitur
1053 4147 1128 4197 De
1155 4147 1320 4212 siquis
1352 4162 1456 4197 non
1491 4147 1813 4212 imprudens
1840 4150 2228 4210 praetermitto.
