3100 5042
1279 623 1560 685 ...3.-

336 764 514 827 certe
543 778 622 825 ac
648 757 1018 845 voluptatis
1048 777 1252 826 causa
1281 758 1699 846 composuit3
1748 759 1997 847 quibus
2034 764 2266 826 tamen
2307 780 2481 849 quae

335 873 419 943 de
450 895 522 942 re
561 871 831 962 publica
869 874 1155 941 sentiret
1193 872 1629 962 praedicavit,
1665 880 1732 942 et
1767 873 2171 944 adversariis
2214 877 2478 956 restitit,

331 996 398 1060 et
426 990 716 1078 patriam
748 1008 1278 1077 sermonemque
1309 994 1376 1058 et
1406 990 1768 1078 scriptores
1796 992 2051 1079 patrios
2079 991 2481 1076 venditavit,

217 1109 226 1116 ’
331 1113 422 1188 et,
467 1105 635 1174 dum
683 1107 1098 1173 Graecorum
1139 1104 1537 1194 disciplinas
1582 1107 1654 1173 in
1707 1105 1958 1174 Urbem
2006 1108 2286 1196 perfert,
2331 1129 2486 1175 cum

334 1223 782 1292 nobilissimis
829 1223 1232 1310 scriptorum
1281 1221 1772 1291 conferendum
1814 1244 1887 1291 se
1935 1223 2234 1312 gloriose
2291 1245 2490 1312 prae-

334 1339 504 1407 buit.
567 1339 870 1426 Denique
938 1359 1076 1406 non
1140 1340 1433 1427 gratuito
1489 1339 1665 1420 fere,
1732 1339 1853 1408 sed
1921 1345 1994 1407 ut
2053 1341 2181 1408 sibi
2250 1343 2485 1430 reique

337 1456 943 1546 publicae-amicos
981 1462 1126 1522 tum
1169 1455 1491 1538 alliceret,
1537 1463 1684 1523 tum
1726 1455 2073 1540 retineret,
2111 1458 2483 1525 multorum

332 1573 578 1642 studiis
631 1573 833 1653 favit,
886 1572 1279 1660 multosque
1325 1571 1437 1639 vel
1490 1570 1965 1640 adulescentes
2020 1573 2484 1661 eloquentiam

332 1690 561 1760 docuit
591 1690 701 1758 vel
725 1691 867 1778 jam
891 1688 1200 1756 doctrina
1228 1694 1649 1776 praestantes
1680 1689 1863 1756 viros
1893 1689 2120 1778 aliquo
2153 1689 2484 1758 beneficio

329 1805 572 1874 affecit.

418 1923 634 1999 Quam
681 1917 1062 1986 disserendi
1109 1901 1489 2000 materiam,
1525 1940 1647 2008 pro
1690 1920 1861 1987 meis
1900 1918 2181 2008 quidem
2219 1919 2481 1988 viribus

330 2058 471 2105 non
504 2035 668 2104 satis
698 2036 1036 2122 exiguam,
1069 2034 1797 2122 suscipiens,-moleste
1827 2034 1968 2103 fero
2000 2035 2217 2101 multa
2254 2041 2484 2103 vetus-

327 2158 463 2221 tate
529 2157 934 2239 consumpta
989 2168 1163 2232 esse,
1223 2169 1342 2237 per
1399 2170 1572 2237 quae
1630 2157 1884 2239 quanto
1952 2171 2157 2238 opere
2223 2151 2479 2219 artibus

328 2267 602 2358 optimis
659 2266 1032 2335 delectatus
1090 2267 1202 2348 sit,
1258 2271 1374 2332 aut
1421 2285 1596 2354 quae
1644 2266 1742 2333 illi
1802 2287 1959 2333 cum
2012 2267 2254 2334 ceteris
2295 2266 2481 2334 illius

326 2384 560 2453 aetatis
629 2381 996 2471 philologis
1066 2382 1354 2450 societas
1414 2380 1619 2449 fuerit
1695 2383 2075 2471 perspicere
2139 2383 2467 2451 licuisset.

324 2501 585 2587 Nempe
630 2518 766 2587 quo
807 2497 921 2564 illa
969 2495 1316 2565 Ciceronis
1364 2497 1502 2564 vita
1550 2497 1715 2565 abiit
1770 2517 1808 2564 a
1854 2496 2166 2566 Cornelio
2216 2498 2475 2586 Nepote

326 2615 749 2702 conscripta?
771 2633 906 2702 quo
936 2613 1095 2680 illae
1125 2611 1453 2700 epistulae
1483 2633 1653 2701 quas
1674 2614 1762 2681 M.
1787 2612 2049 2681 Tullius
2080 2613 2165 2680 ad
2196 2614 2479 2681 Brutum

325 2737 390 2800 et
420 2731 702 2799 Calvum
753 2728 959 2814 misit,
1006 2729 1282 2807 Atticos,
1328 2734 1406 2796 ut
1441 2729 1572 2818 ipsi
1615 2731 1961 2812 volebant,
2008 2734 2349 2798 oratores?
2390 2729 2476 2798 ad

324 2847 743 2929 Caerelliam,
797 2846 1236 2915 lectissimam
1289 2846 1614 2914 feminam
1674 2853 1742 2914 et
1796 2846 2271 2935 philosophiae
2328 2852 2475 2914 stu-

323 2960 628 3030 diosam?
663 2961 748 3030 ad
796 2962 1185 3030 Cornelium
1227 2961 1583 3049 Nepotem,
1630 2961 2198 3030 litteratissimum
2246 2962 2473 3031 virum

323 3085 390 3147 et
438 3099 595 3147 cum
645 3077 1150 3146 litteratissimis
1204 3078 1673 3164 conjunctum,
1727 3078 1861 3161 cui,
1912 3097 2067 3144 oum
2126 3077 2341 3160 nulla,
2399 3082 2473 3145 ut

321 3197 611 3279 videtur,
651 3199 910 3265 ratione
951 3197 1018 3263 in
1059 3197 1266 3266 rebus
1303 3196 1596 3285 publicis
1634 3202 2043 3280 versaretur,
2087 3195 2173 3264 de
2212 3196 2469 3266 artibus

322 3314 594 3402 optimis
637 3313 1070 3402 potissimum
1118 3332 1272 3380 cum
1324 3311 1771 3379 familiaribus
1820 3332 2211 3381 sermonem
2261 3313 2471 3382 fuisse

320 3428 688 3498 verisimile
727 3434 853 3497 est.
891 3428 1272 3515 Supersunt
1313 3433 1492 3495 certe
1531 3448 1660 3494 nec
1698 3427 2024 3497 mediocri
2069 3428 2266 3496 nobis
2315 3431 2472 3497 usui

321 3549 482 3612 sunt
527 3543 612 3610 ad
660 3544 955 3610 Atticum
1013 3543 1259 3611 missae
1315 3543 1687 3630 epistulae3
1754 3563 1958 3631 quam
2028 3544 2241 3611 multa
2306 3565 2467 3614 vero

319 3661 717 3750 ignoramus
756 3658 840 3727 de
878 3658 1126 3747 quibus
1165 3658 1342 3727 inter
1390 3679 1484 3741 se,
1540 3678 1698 3725 cum
1746 3659 1952 3726 simul
1992 3669 2243 3744 essent,
2285 3660 2465 3727 litte-

319 3796 547 3844 rarum
595 3777 691 3843 illi
741 3782 1077 3844 amatores
1120 3774 1321 3842 ambo
1362 3775 1869 3843 communicare
1910 3775 2245 3856 solebant,
2293 3797 2465 3863 quae

318 3890 403 3960 ad
436 3890 906 3961 illustrandam
938 3913 1082 3959 rem
1114 3891 1314 3958 nobis
1345 3891 1761 3979 propositam
1784 3897 1938 3978 apte
1968 3890 2459 3958 conducerent!

406 4009 729 4076 Nostrum
800 4013 1028 4075 autem
1111 4008 1593 4094 argumentum
1664 4005 2139 4095 aggredientes
2173 4057 2187 4084 ,
2254 4005 2466 4071 multa

315 4122 596 4212 quidem
626 4122 709 4189 ab
749 4123 1202 4190 ornatissimis
1240 4123 1430 4207 viriS,
1467 4123 1583 4208 qui
1624 4131 1780 4189 ante
1825 4141 1949 4188 nos
1994 4121 2101 4187 his
2142 4118 2226 4186 de
2258 4120 2462 4188 rebus

315 4238 774 4326 scripserunt,
838 4258 916 4305 ac
970 4239 1370 4326 praesertim
1435 4257 1474 4304 a
1538 4237 1939 4317 Boissieri0‚
2000 4236 2463 4303 Tullianarum
