3100 5042
1462 471 1780 535 ...98-

739 611 886 660 tione
906 613 1087 660 tamen
1112 609 1286 660 utitur
1309 607 1453 670 quod
1482 607 1604 668 plus
1627 617 1790 668 quam
1817 603 2056 666 majores
2081 603 2306 666 optimis
2331 603 2544 654 artibus

558 753 641 804 ιν.
677 681 2545 808 paisssss‘iiiz‘auaaatg2:504&thasias·§agrammati

737 824 921 887 potius
945 835 1107 884 quam
1129 821 1301 871 bonos
1326 821 1650 870 Graecorum
1677 817 1936 879 legendos
1956 820 2128 878 putat,
2154 828 2544 877 romanamque

740 892 1076 956 tragoediam
1115 890 1375 952 venditat,
1400 888 1753 950 carminaque
1796 891 1850 936 et
1893 888 2033 937 sales
2076 887 2278 937 civium
2317 900 2542 937 suorum

741 968 793 1014 et
827 965 1067 1027 linguam
1096 962 1326 1025 patriam
1358 959 1612 1010 laudibus
1647 959 1803 1009 effert
1815 991 2537 1012 ........................

1464 1160 1674 1212 CAPUT
1707 1160 1782 1210 111

617 1280 824 1341 Quanro
867 1292 1024 1328 orans
1063 1290 1277 1327 ruam}
1321 1276 1493 1338 Au'oua
1532 1287 1793 1332 ramanus
1835 1288 2014 1326 srumo
2057 1288 2302 1326 urbasus
2334 1276 2541 1336 C1can0,

673 1364 773 1400 cun
807 1363 840 1399 A
868 1363 929 1399 nn
960 1360 1167 1398 rusum
1201 1360 1426 1398 nuows
1458 1359 1625 1408 ussaw,
1660 1359 1723 1397 ur
1755 1359 1822 1395 An
1856 1358 2109 1395 uuonan
2143 1359 2335 1396 surm(
2368 1346 2544 1396 Ronm-

673 1433 842 1470 uonuu
874 1432 1106 1469 nri-raus
1139 1432 1197 1469 m·
1228 1430 1449 1468 uuonan
1480 1429 1767 1466 annueram·
1799 1429 1968 1466 misus
2002 1430 2075 1466 srr
2085 1449 2534 1471 ...............

554 1537 595 1587 1.
628 1537 705 1586 De
742 1533 940 1585 libellis
978 1535 1046 1584 ab
1087 1533 1493 1584 adulescentulo
1536 1532 1795 1581 Cicerone
1834 1530 2072 1594 scriptis.
2103 1533 2297 1582 Postea
2335 1532 2543 1594 cicere,

736 1605 1183 1668 quotiescumque
1222 1618 1254 1653 a
1296 1617 1354 1653 re
1392 1603 1611 1666 publica
1647 1602 1898 1652 exclusus
1941 1607 2054 1664 est,
2089 1603 2252 1653 toties
2295 1602 2363 1652 ad
2413 1603 2544 1654 scri·

740 1676 980 1727 bendum
1028 1676 1105 1725 ita
1150 1688 1209 1725 se
1254 1675 1379 1735 dat,
1421 1678 1481 1724 ut
1532 1675 1733 1760 samam
1789 1687 1943 1742 suam
1995 1674 2378 1737 publicamque
2427 1688 2542 1725 rem

736 1753 1026 1810 procurare
1054 1745 1307 1795 videatur
1329 1777 2533 1795 .......................................

549 1818 615 1869 11.
649 1817 1052 1879 Philosophiam
1085 1816 1271 1866 Cicero
1300 1815 1515 1868 Graecis
1546 1814 1709 1877 eripit
1737 1815 1844 1864 sibi
1880 1819 1934 1864 et
1967 1814 2180 1865 civibus
2215 1814 2330 1864 suis
2359 1817 2542 1877 profu-

734 1893 933 1948 turam,
964 1888 1282 1951 primusque
1316 1887 1371 1935 in
1405 1887 1640 1950 patriam
1679 1887 1884 1949 perfert
1895 1919 2535 1940 .....................

550 1961 639 2011 ΙΙΙ.
670 1959 744 2010 Ne
765 1960 897 2022 quid
912 1973 945 2008 a
960 1958 1173 2008 Graecis
1194 1958 1643 2021 philosophorum
1661 1957 2026 2007 Romanorum
2046 1971 2226 2007 sermo
2243 1961 2540 2019 mutuetur,

732 2030 919 2079 latinis
949 2033 1160 2078 tantum
1197 2029 1465 2089 versibus,
1490 2033 1545 2077 et
1585 2028 1861 2081 interdum
1897 2028 2030 2090 suis,
2059 2028 2228 2078 libros
2263 2042 2398 2088 suos*
2430 2029 2541 2080 dis·

736 2100 938 2162 tinguit
970 2100 1317 2161 linguamque
1349 2100 1695 2148 vernaculam
1726 2098 1884 2148 valde
1912 2100 2208 2161 locupletat
2213 2134 2534 2153 ...........

554 2171 638 2223 IV.
674 2172 751 2226 De
779 2175 896 2222 arte
922 2169 1137 2220 dicendi
1167 2183 1289 2220 cum
1321 2169 1508 2219 multis
1534 2171 1603 2220 de
1633 2171 1833 2230 causiS‚
1859 2174 1975 2220 tum
2002 2183 2066 2219 eo
2091 2170 2323 2220 consilio
2354 2170 2541 2221 Cicero
2569 2183 2573 2189 ·

736 2241 946 2302 scribit,
978 2245 1038 2290 ut
1072 2240 1402 2290 «Atticos»
1442 2244 1688 2290 oratores
1727 2241 1975 2291 confutet
2017 2254 2282 2303 suamque
2322 2241 2540 2291 dicendi
2575 2275 2582 2280 -

732 2313 1003 2372 rationem
1038 2312 1219 2362 verbis
1254 2313 1473 2361 extollat
1481 2346 2533 2365 ..................................

552 2383 612 2434 V.
648 2383 763 2433 Alia
801 2384 970 2433 multa
1001 2383 1186 2433 Cicero
1227 2386 1439 2444 tractat,
1471 2387 1533 2432 ut
1569 2383 1675 2432 sibi
1711 2382 2010 2443 gloriosum
2051 2382 2127 2432 sit
2159 2384 2376 2433 Graecis
2411 2345 2538 2432 doc-

578 2467 585 2470 ·
722 2454 893 2503 trinis
922 2455 1181 2504 omnibus
1214 2453 1488 2504 Romanos
1522 2453 1718 2516 potiri·;
1753 2453 2042 2504 historiam
2077 2458 2288 2516 autem,
2325 2457 2387 2505 ut
2419 2467 2538 2504 sese

731 2524 935 2585 laudet,
958 2525 1229 2574 rhetorice
1258 2524 1449 2575 scribit
1460 2559 2527 2576 ...................................

1460 2699 1669 2780 clarui·
1702 2730 1770 2780 ιν

2639 676 2698 723 4⁰

2641 959 2698 1009 46

2639 1417 2695 1466 51

2637 1746 2706 1796 52

2639 1889 2698 1938 55

2639 2101 2698 2150 59

2637 2313 2696 2362 62

2591 2517 2695 2574 -6'8

609 2842 724 2894 Numi
779 2857 953 2894 cna-ns
1010 2844 1190 2894 thaao
1210 2881 1222 2904 ‚
1270 2856 1643 2895 cirtam-ronna
1696 2859 1922 2896 vinonun
1976 2859 2236 2897 riu-nouus
2255 2881 2268 2906 ‚
2315 2861 2537 2906 suenrus
2635 2871 2648 2877 -·

670 2928 880 2964 FAVBRIT
912 2930 971 2966 Er
1003 2929 1331 2966 anussrsscnnrr
1339 2950 2530 2969 .......................................

546 3025 767 3081 Litteris
810 3027 1160 3082 inserviendo
1205 3035 1523 3095 plerumque
1573 3033 1628 3082 id
1677 3033 1864 3082 Cicero
1908 3035 2094 3095 efficit,
2129 3038 2191 3084 ut
2239 3036 2320 3083 vel
2368 3035 2434 3083 de
2480 3048 2536 3084 se

735 3103 945 3152 meritis
980 3104 1111 3153 viris
1146 3105 1375 3165 gratiam
1413 3105 1632 3163 referat,
1664 3105 1746 3154 vel
1781 3105 2032 3154 homines
2074 3106 2179 3155 sibi
2214 3105 2401 3167 reique
2435 3119 2535 3168 pu·

721 3168 904 3223 blicae
939 3176 1252 3236 profuturos
1284 3175 1351 3224 ad
1382 3189 1438 3224 se
1468 3174 1672 3224 alliciat·
1675 3210 2529 3229 ............................

547 3242 587 3293 1.
622 3242 898 3293 Ciceronis
930 3259 1050 3295 cum
1077 3246 1437 3294 familiaribus
1463 3247 1911 3308 principibusque
1941 3247 2181 3297 civitatis
2206 3246 2534 3308 quibusdam

734 3315 1119 3364 commercium
1143 3305 1201 3364 .'.'
1205 3347 2532 3368 ........................................

546 3382 610 3432 11.
646 3382 939 3444 Discipulis
968 3385 1084 3434 suis
1115 3386 1313 3435 merita
1343 3387 1436 3436 dat
1464 3385 1654 3437 Cicero
1689 3391 1743 3439 et
1772 3401 1804 3436 a
1837 3386 2120 3449 discipulis
2157 3389 2350 3450 recipit
2360 3424 2528 3442 ......

544 3453 634 3503 111.
669 3453 802 3502 Aliis
837 3455 970 3504 viris
1004 3451 1178 3504 doctis
1209 3457 1350 3506 haud
1382 3458 1621 3519 gratuito
1653 3471 1870 3520 operam
1905 3463 2066 3508 navat
2078 3493 2528 3509 ..............

543 3522 627 3596 IV.
663 3525 738 3573 De
764 3527 1002 3575 carmine
1024 3526 1213 3576 Catulli
1246 3529 1321 3576 49.
1344 3528 1530 3578 Cicero
1555 3529 1751 3590 raptim
1775 3530 2010 3582 Lucretii
2041 3529 2105 3579 de
2127 3530 2312 3580 Rerum
2335 3533 2536 3580 natura

596 3593 603 3596 “
728 3594 899 3645 libros
930 3597 1185 3647 emendat
1213 3603 1265 3647 et
1296 3599 1350 3647 in
1380 3599 1658 3661 publicum
1689 3599 1804 3650 edit
1815 3635 2526 3651 ........................

542 3737 873 3791 Οοηοιυειο..
894 3776 2528 3798 .....................................................

882 4108 1193 4152 columbariis.
1223 4132 1275 4142 --
1303 4111 1368 4151 Ex
1396 4109 1516 4164 typis
1544 4108 1672 4151 Pauli
1701 4109 1982 4152 BRODARD
2011 4113 2056 4152 et
2083 4109 2342 4152 GALLOIS.
2377 4152 2382 4156 ,

2567 2913 2572 2918 .
2619 2907 2697 2967 ,75

2633 3179 2691 3226 75

2634 3319 2692 3367 76

2633 3391 2690 3438 80

2633 3460 2692 3507 82

2633 3601 2690 3650 84

2634 3731 2688 3794 91
