3100 5042
1569 522 1889 586 ...58-

664 680 839 749 quae
869 656 1346 748 praecipienda
1385 657 1514 726 sibi
1552 655 1640 725 de
1680 656 1921 725 officiis
1961 653 2361 725 viderentur
2397 655 2624 724 hausit
2654 657 2707 740 ¹3
2751 663 2816 725 et

665 776 927 866 Epicuri
986 776 1342 859 rationem,
1404 793 1613 863 quam
1668 772 2128 842 libentissime
2179 770 2661 860 redarguebat,
2725 773 2818 840 ita

662 897 893 960 tamen
922 891 1236 979 exposuit
1264 896 1363 975 ut,
1393 890 1613 979 ipsius
1651 888 1935 977 quidem
1966 887 2330 972 sententia,
2361 887 2448 955 ab
2476 887 2664 976 ipsiS,
2700 887 2812 975 qui

664 1027 816 1076 eam
855 1005 1284 1096 disciplinam
1316 1005 1710 1095 probarent,
1745 1025 1887 1073 non
1919 1005 2171 1073 soleret
2198 1003 2578 1072 accuratius
2607 1003 2818 1092 expli-

664 1123 801 1190 cari
839 1125 894 1206 ²3
937 1142 1066 1190 nec
1103 1119 1268 1210 quid
1310 1121 1395 1190 de
1444 1120 1576 1188 diis
1625 1126 1692 1189 et
1732 1119 1816 1189 de
1869 1127 2114 1188 natura
2151 1119 2462 1200 deorum,
2520 1117 2685 1206 quid
2732 1118 2820 1186 de

665 1237 1171 1327 superstitione,
1223 1235 1386 1323 quid
1445 1236 1531 1305 de
1590 1234 2036 1320 divinatione,
2089 1233 2174 1304 de
2229 1235 2688 1325 haruspicina,
2732 1234 2818 1302 de

662 1373 1003 1443 augurum
1063 1353 1217 1441 jure
1271 1372 1441 1440 gens
1510 1371 1825 1441 quaeque
1885 1351 2454 1441 philosophorum
2511 1351 2816 1434 sentiret,

664 1469 930 1537 celavit.
992 1469 1345 1537 Platonem
1402 1473 1670 1553 autem,
1728 1469 1844 1557 qui
1901 1468 2219 1557 princeps
2275 1467 2360 1536 de
2417 1486 2490 1534 re
2547 1466 2821 1555 publica

663 1586 984 1674 idemque
1014 1586 1379 1675 separatim
1401 1582 1488 1653 de
1518 1583 1789 1672 legibus
1821 1584 1974 1673 ejus
2007 1583 2524 1671 conscripserat,
2549 1588 2824 1650 tantum.

661 1703 809 1790 ipse
843 1708 911 1771 et
952 1701 1035 1770 de
1070 1721 1145 1770 re
1184 1699 1458 1789 publica
1496 1705 1566 1769 et
1611 1699 1697 1768 de
1735 1699 2004 1788 legibus
2037 1698 2474 1767 conscribens
2512 1698 2820 1767 imitatus

662 1823 787 1899 est,
831 1823 1166 1905 quantum
1204 1835 1245 1882 a
1284 1816 1430 1884 cive
1470 1816 1779 1884 Romano
1821 1822 2366 1884 consentaneum
2410 1821 2554 1884 erat
2599 1814 2819 1902 philo·

662 1932 985 2023 sophum,
1018 1938 1110 2016 et,
1144 1937 1221 1999 ut
1252 1931 1345 2000 ita
1376 1930 1626 2015 dicam,
1660 1936 1934 2020 poetam
1965 1931 2292 1999 Graecum
2324 1931 2613 2020 exprimi
2641 1932 2686 1998 ³.
2720 1932 2820 1998 Ita

664 2047 886 2116 effecit
939 2051 1017 2114 ut
1069 2046 1576 2135 philosophiam
1629 2067 1838 2138 quam
1893 2046 2130 2114 multis
2193 2047 2356 2115 locis
2392 2047 2439 2132 ⁴,
2481 2047 2551 2114 in
2601 2066 2820 2135 eoque

666 2161 978 2251 inprimis
1036 2159 1209 2229 libro
1274 2161 1390 2249 qui
1450 2164 1867 2230 Hortensius
1934 2162 2305 2251 inscriptus
2361 2167 2504 2246 est,
2565 2162 2820 2230 collau-

666 2276 965 2358 daverat,
1019 2277 1255 2345 multis
1313 2276 1626 2366 probaret
1695 2276 2364 2364 commendaretque.
2428 2278 2572 2354 Quo
2631 2278 2819 2345 enim

663 2392 869 2462 modo
935 2398 1217 2482 possent
1288 2391 1507 2460 invidi
1575 2392 2070 2482 vituperatores
2134 2413 2277 2461 non
2343 2392 2679 2461 confutari
2752 2399 2820 2460 et

662 2507 981 2578 benevoli
1012 2508 1485 2596 objurgatores
1514 2529 1658 2577 non
1687 2508 1938 2597 placari
1969 2511 2016 2593 ⁵,
2047 2529 2204 2576 cum
2228 2509 2459 2577 Cicero
2481 2516 2548 2578 et
2578 2507 2815 2577 utilem

662 2621 1170 2711 philosophiam
1198 2643 1351 2692 esse
1394 2621 1814 2705 ostenderet,
1849 2628 1917 2691 et
1948 2622 2034 2691 de
2064 2623 2270 2692 rebus
2301 2622 2608 2692 obscuris
2647 2623 2819 2691 dilu-

663 2736 835 2818 cide,
889 2737 1208 2825 graviter,
1257 2743 1492 2806 ornate
1546 2737 1808 2806 diceret
1848 2741 1895 2819 ⁶,
1950 2743 2019 2806 et
2064 2760 2182 2807 cur
2236 2740 2542 2828 legerent
2582 2747 2819 2828 poetas

661 2853 937 2937 latinos,
974 2851 1330 2941 splendide
1371 2853 1772 2941 loquentem
1822 2853 2112 2922 latinum
2153 2854 2643 2946 philosophum
2678 2877 2817 2925 non

660 2969 969 3058 legerent
995 2968 1267 3036 Graecis
1304 2967 1549 3037 litteris
1589 2968 1895 3037 eruditos
1931 2975 2200 3058 rogaret
2227 2971 2290 3036 ⁷?

659 3198 816 3262 disp„
846 3201 894 3261 2,
920 3202 967 3262 2,
996 3203 1053 3263 4;
1090 3203 1136 3260 5,
1168 3203 1215 3260 4,
1242 3204 1329 3263 11;
1361 3204 1409 3262 5,
1437 3203 1512 3262 11,
1544 3203 1632 3264 33;
1665 3200 1728 3249 de
1759 3200 1882 3250 Nat.
1916 3199 2152 3261 deorum,
2186 3203 2230 3263 1,
2263 3203 2393 3262 1,1;
2425 3204 2469 3262 1,
2499 3203 2546 3262 3,
2589 3203 2647 3264 63
2681 3204 2726 3263 1,
2757 3204 2813 3261 53

659 3268 724 3317 de
750 3270 875 3333 off„
906 3273 953 3330 2,
985 3273 1032 3330 2,
1061 3273 1163 3319 '1-8.

725 3341 768 3387 1.
799 3339 875 3387 De
902 3339 1016 3404 off„
1048 3343 1094 3401 1,
1119 3342 1167 3402 2,
1193 3345 1240 3390 6.

723 3410 771 3456 2.
802 3409 878 3458 De
903 3410 1015 3472 fin„
1050 3412 1089 3468 1,
1119 3413 1165 3470 5,
1200 3414 1274 3461 13.

724 3482 772 3528 3.
799 3479 920 3529 vid.
946 3479 1011 3529 de
1038 3481 1107 3530 Re
1120 3480 1292 3545 publ..
1316 3484 1358 3540 2,
1391 3486 1467 3543 11,
1494 3484 1666 3532 21-22.
1684 3509 1748 3519 -
1768 3483 1843 3533 Cf.
1871 3481 2220 3545 Thiaucourt,
2245 3483 2399 3532 Essai
2419 3497 2515 3532 sur
2534 3483 2608 3532 les
2627 3483 2816 3532 traites

656 3547 813 3612 phil„
854 3564 906 3612 p.
951 3553 1117 3612 19-20,
1148 3554 1203 3601 et
1240 3552 1332 3602 Ch.
1370 3553 1436 3602 de
1466 3554 1745 3611 Remusat,
1776 3553 2002 3617 Prcs'ace
2029 3554 2102 3603 du
2137 3573 2162 3598 ιι
2195 3554 2261 3604 de
2294 3553 2526 3615 Legibus
2559 3572 2582 3598 ι)
2621 3553 2675 3602 in
2708 3553 2813 3603 Cic.

661 3620 916 3680 operibus
938 3636 969 3671 a
998 3623 1058 3671 D.
1086 3623 1280 3672 Nisard
1312 3624 1491 3685 editis,
1518 3625 1626 3675 vol.
1657 3624 1744 3686 IV,
1777 3638 1830 3686 p.
1861 3625 1955 3675 356
1999 3638 2117 3691 sqq.
2166 3625 2416 3687 (OEuvres
2443 3624 2720 3688 completos
2757 3624 2820 3674 de

666 3689 769 3740 Cic.
800 3706 922 3741 avec
947 3693 1000 3742 la
1029 3694 1331 3744 traduction
1355 3709 1415 3744 en
1446 3695 1708 3759 Γναηραὶε,
1740 3695 1904 3758 Paris,
1939 3696 2241 3757 Dubochet‚
2271 3699 2410 3758 1850,
2443 3699 2468 3744 5
2501 3696 2650 3757 voh).

724 3765 772 3812 4.
802 3763 958 3813 Verbi
980 3777 1159 3825 causa,
1188 3765 1295 3815 huc
1325 3766 1467 3815 Tusa.
1490 3766 1646 3829 disp„
1673 3767 1720 3824 3,
1752 3769 1796 3824 1,
1823 3769 1877 3828 13
1905 3769 1952 3828 3,
1979 3769 2028 3827 3,
2057 3769 2114 3829 ὃς
2143 3769 2188 3828 5,
2217 3768 2246 3815 2
2282 3767 2632 3817 adducemus.

723 3835 770 3882 5.
802 3833 877 3882 Cf.
906 3833 969 3883 de
998 3835 1120 3883 Nat.
1146 3835 1375 3893 deorum,
1406 3839 1451 3897 1,
1479 3840 1525 3893 3,
1559 3837 1604 3886 5.
2411 3841 2416 3844 ’

722 3907 770 3954 6.
806 3905 939 3956 Vide
974 3919 1105 3970 quas
1143 3908 1246 3956 sibi
1283 3908 1397 3970 ipse
1428 3908 1615 3958 laudes
1651 3909 1720 3958 M.
1750 3909 1956 3958 Tullius
1991 3909 2212 3970 tribuat,
2249 3908 2382 3958 alios
2408 3907 2624 3970 quidem
2661 3907 2816 3957 indu-

663 3975 835 4024 cendo
865 3977 1161 4040 loquenteS,
1195 3977 1259 4028 de
1292 3978 1361 4027 Re
1383 3976 1552 4042 publ„
1584 3981 1628 4041 1,
1659 3980 1738 4039 23,
1770 3982 1857 4039 373
1889 3979 1954 4029 de
1981 3980 2104 4029 Nat.
2135 3979 2370 4041 deorum,
2397 3981 2442 4040 1,
2472 3980 2552 4040 21,
2577 3976 2656 4027 58.

724 4047 767 4094 7.
794 4045 962 4097 Acad.
993 4050 1153 4111 post„
1174 4050 1219 4111 1,
1241 4051 1288 4110 3,
1317 4051 1401 4111 1ος
1428 4048 1492 4099 de
1519 4048 1659 4110 Fin„
1689 4052 1732 4109 1,
1761 4051 1808 4110 2,
1835 4052 1892 4111 63
1926 4053 1967 4108 1,
2001 4053 2047 4115 3,
2079 4050 2127 4098 7.
