3100 5042
1530 510 1611 520 --
1650 473 1852 538 94-

615 612 773 681 bile.
819 613 990 679 Cum
1042 617 1270 678 autem
1320 607 1624 678 eundem
1670 589 1956 676 laudum
1997 614 2068 678 et
2099 611 2453 699 potestatis
2489 613 2770 682 avidum

614 727 825 796 fuisse
869 727 1087 795 multa
1130 724 1459 808 indicent,
1492 723 1681 792 haud
1710 724 1959 810 inJ'uria
2005 723 2158 793 ideo
2208 726 2558 814 putabitur
2602 730 2770 802 alio-

615 863 769 911 rum
820 842 1270 932 patrocinium
1321 839 1701 928 suscepisse
1749 838 1934 927 quod
1990 838 2266 910 laudem
2314 841 2609 930 aliquam
2655 853 2773 914 aut

614 958 941 1026 auxilium
974 977 1047 1026 se
1082 956 1166 1024 ab
1195 957 1279 1023 iis
1308 960 1744 1043 accepturum
1769 973 1922 1022 esse
1953 963 2276 1042 speraret.

706 1073 1096 1140 Honoribus
1133 1072 1338 1160 igitur
1384 1076 1452 1138 et
1502 1069 1725 1138 famae
1772 1069 1845 1135 in
1891 1089 1961 1137 re
2017 1069 2286 1160 publica
2337 1073 2768 1160 quaerendae

616 1188 844 1256 Cicero
900 1187 1334 1276 potissimum
1378 1185 1758 1265 inservivit,
1803 1205 1942 1253 non
1993 1185 2086 1252 ita
2123 1191 2355 1254 tamen
2393 1193 2470 1256 ut
2507 1189 2768 1258 studio·-

616 1316 793 1382 rum,
839 1321 876 1369 e
916 1299 1165 1389 quibus
1204 1300 1287 1384 is,
1322 1301 1736 1388 quicumque
1782 1307 1984 1384 esset,
2021 1301 2371 1382 evasisset,
2405 1303 2772 1374 immemor

618 1437 945 1505 umquam
974 1416 1201 1500 fuerit,
1238 1435 1365 1484 nec
1402 1421 1478 1482 ut
1508 1413 1594 1483 de
1623 1416 1870 1483 artium
1901 1417 2310 1504 optimarum
2339 1437 2596 1502 amore,
2634 1441 2772 1507 quo

616 1532 1023 1600 adulescens
1043 1537 1411 1612 exarserat,
1429 1530 1723 1598 multum
1746 1551 2072 1618 umquam
2095 1529 2532 1602 deminuerit.
2551 1533 2769 1602 Immo

616 1648 812 1728 illum
866 1646 1203 1736 paenituit
1250 1644 1620 1735 aliquando
1665 1645 1851 1734 quod
1898 1646 2052 1735 plus
2090 1646 2496 1733 honoribus,
2531 1648 2772 1718 litteris

617 1763 847 1830 minus
897 1761 1449 1844 condonavisset,
1492 1781 1648 1828 cum
1689 1781 1764 1828 se
1809 1781 1949 1828 non
2001 1761 2238 1830 rudem
2281 1763 2487 1848 certe,
2531 1763 2652 1832 sed
2698 1764 2770 1832 in

615 1879 839 1948 studio
888 1879 1113 1946 minus
1154 1878 1442 1946 fortasse
1491 1895 1695 1964 quam
1735 1876 1966 1959 vellet,
2013 1877 2084 1944 in
2137 1877 2343 1945 rebus
2389 1884 2592 1967 atque
2643 1901 2769 1948 usu

612 1995 771 2082 plus
818 1995 1022 2061 etiam
1070 2013 1275 2081 quam
1327 1992 1533 2059 vellet
1589 1998 1934 2060 versatum
1995 2013 2145 2061 esse
2200 1993 2684 2082 significaverit
2720 1997 2766 2062 ¹.

614 2107 739 2184 Qui
800 2107 980 2176 enim
1050 2127 1187 2173 non
1250 2105 1680 2191 intellegeret
1742 2104 2216 2174 nobilissimus
2283 2107 2570 2195 scriptor
2630 2130 2769 2177 non

612 2221 838 2290 solum
862 2241 981 2310 pro
1004 2219 1087 2289 ad
1097 2219 1475 2287 ministrata
1495 2220 1768 2308 egregie
1789 2219 2352 2309 abstinenterque
2373 2243 2446 2290 re
2465 2222 2765 2310 publica,

612 2336 733 2406 sed
782 2358 906 2426 pro
961 2335 1211 2405 habitis
1260 2333 1633 2424 perdiserte
1683 2335 2104 2403 orationibus
2151 2335 2480 2425 librisque
2528 2339 2772 2406 eximie

613 2444 1009 2541 compositis
1069 2472 1270 2518 suum
1340 2469 1592 2518 nomen
1667 2450 2038 2518 memoriae
2105 2450 2429 2520 traditum
2497 2453 2622 2520 iri?
2689 2453 2772 2522 Se

613 2569 817 2655 igitur
858 2567 1205 2654 gloriatus.
1233 2571 1337 2633 est
1376 2567 1695 2653 primum,
1742 2573 1898 2654 post
1943 2547 2138 2634 illum
2195 2574 2424 2636 tamen
2473 2588 2770 2656 quocum

614 2682 906 2750 libenter
934 2702 1007 2750 se
1038 2680 1430 2748 conferebat
1458 2680 1877 2748 Demetrium
1912 2681 2344 2768 Phalereum,
2379 2690 2664 2771 utraque
2697 2703 2771 2752 re

612 2796 971 2880 excellere,
1008 2803 1081 2862 ut
1110 2804 1177 2862 et
1206 2794 1553 2862 doctrinae
1585 2795 1830 2863 studiis
1860 2803 1928 2864 et
1959 2796 2258 2885 regenda
2283 2798 2550 2866 civitate
2584 2799 2772 2890 prin-

612 2932 771 3000 ceps
797 2917 978 2979 esset
998 2912 1051 2993 2;
1079 2909 1400 2998 idemque
1431 2910 1824 2986 forensibus
1855 2910 1998 2979 suis
2029 2910 2235 2980 rebus
2264 2912 2466 2980 etiam
2501 2911 2770 2986 domes-

612 3019 779 3094 ticas
825 3027 1085 3094 litteras
1131 3045 1580 3115 responsuras
1620 3045 1770 3094 esse
1813 3027 2126 3116 sperabat
2154 3029 2197 3094 ³.
2233 3029 2317 3094 At
2356 3027 2574 3096 multo
2613 3029 2771 3117 plus

613 3142 918 3210 colendis
965 3142 1205 3210 litteris
1261 3162 1465 3229 quam
1514 3140 1978 3232 adipiscendis
2029 3141 2407 3210 honoribus
2457 3143 2762 3231 profecit.

614 3257 907 3338 Etenim,
968 3277 1126 3332 cum
1190 3275 1335 3323 rem
1404 3253 2104 3343 publicamcuraret,
2171 3257 2443 3345 magnis
2505 3257 2770 3344 gaudiis

612 3369 998 3453 exsultavit,
1042 3370 1187 3452 sed,
1229 3376 1591 3461 postquam
1649 3371 1829 3437 cives
1878 3391 2040 3438 suos
2083 3372 2403 3454 servavit,
2447 3372 2645 3439 multi
2697 3373 2768 3439 in

613 3505 771 3552 eum
830 3484 1392 3555 redundaverunt
1446 3505 1528 3552 ex
1577 3483 1767 3557 fonte
1823 3485 1942 3560 illo
1991 3483 2296 3568 d,olores;
2349 3487 2767 3576 singularem

612 3600 899 3690 gloriam
930 3606 1339 3669 consecutus
1384 3608 1511 3686 est,
1558 3600 1678 3670 sed
1717 3604 1867 3696 conj
1881 3608 2165 3684 unctam,
2199 3622 2354 3670 cum
2399 3601 2657 3670 invidia
2694 3621 2772 3668 ac

613 3716 987 3784 multorum
1026 3697 1431 3801 inimicitiis;
1477 3724 1908 3804 posterorum
1953 3716 2302 3814 plerisque
2343 3714 2769 3784 laudandum

678 3969 721 4014 1.
753 3965 936 4028 Epist„
968 3928 1011 4023 a,
1038 3967 1115 4022 10,
1147 3965 1174 4012 5
1200 3962 1288 4027 (ad
1316 3963 1686 4024 Trebianum).

675 4041 721 4087 2.
751 4038 824 4086 De
846 4036 1046 4100 leq.,·3,
1074 4038 1121 4096 6,
1150 4036 1227 4083 14.

674 4110 719 4156 3.
753 4107 920 4166 Orat„
951 4107 1170 4166 43‚>148.
