3100 5042
1564 510 1847 574 ...2-

625 644 944 714 facultate
973 644 1318 714 excellens
1345 665 1523 714 nova
1553 665 1825 734 semper
1854 644 2081 714 studia
2118 665 2435 715 exercere
2464 649 2579 714 aut
2617 668 2817 734 pro-

623 760 799 830 ferre
839 760 907 826 in
939 761 1170 830 animo
1201 759 1526 844 habebat;
1570 767 1639 828 et
1668 762 1992 850 quoniam
2032 761 2337 831 Romana
2361 782 2561 851 gens,
2598 775 2817 852 post-

625 897 829 967 quam
877 877 1166 945 Graecos
1211 877 1420 944 armis
1467 878 1836 965 superavit,
1890 878 2093 945 etiam
2146 878 2329 966 pacis
2375 879 2811 949 muneribus

623 1000 690 1064 et
719 992 977 1062 artibus
1007 993 1079 1060 in
1119 992 1268 1082 ipsa
1295 993 1572 1060 Graecia
1610 993 1911 1062 inventis
1948 993 2165 1062 victos
2206 991 2585 1081 adaequare
2627 1000 2807 1063 stu-

625 1107 850 1194 debat,
885 1107 1051 1176 civis
1089 1127 1329 1175 amans
1366 1109 1622 1196 patriae
1662 1107 2241 1197 praeclarissimiS‚
2274 1115 2351 1176 ut
2394 1110 2486 1176 ita
2524 1108 2797 1194 dicam,

622 1223 937 1292 Graeciae
976 1221 1278 1312 direptae
1329 1223 1750 1292 ornamentis
1779 1223 2136 1292 attonitam
2170 1223 2420 1308 Urbem
2455 1224 2799 1308 decorare

621 1339 986 1409 nitebatur.
1039 1340 1412 1421 Praeterea,
1465 1361 1625 1408 cum
1673 1339 1963 1408 summis
2010 1339 2392 1410 honoribus
2442 1346 2510 1410 et
2554 1341 2795 1411 admi·

619 1455 1011 1524 nistrandae
1040 1457 1136 1523 rei
1167 1454 1502 1544 publicae,
1540 1455 1869 1544 quamdiu
1901 1457 2129 1545 aliqua
2165 1456 2293 1524 fuit
2322 1477 2431 1526 res
2470 1459 2785 1546 publica,

619 1572 1016 1640 mirabiliter
1044 1573 1429 1654 inserviret,
1466 1571 1701 1640 multis
1731 1573 2002 1662 saepius
2034 1573 2255 1641 causis
2276 1573 2793 1662 impediebatur

618 1710 753 1779 quo
806 1689 1036 1757 minus
1084 1689 1376 1777 optimas
1423 1694 1604 1756 artes
1650 1689 2024 1774 excoleret,
2075 1696 2194 1757 aut
2242 1709 2282 1756 a
2336 1710 2411 1758 se
2465 1692 2786 1759 excultas

619 1806 1080 1895 profiteretur3
1134 1809 1251 1872 aut
1288 1810 1545 1888 contra,
1592 1803 1837 1872 iisdem
1882 1803 2142 1872 artibus
2190 1824 2466 1894 operam
2508 1804 2773 1890 dando,

616 1928 683 1990 et
719 1922 960 1988 litteris
1009 1919 1279 1988 deditos
1327 1919 1648 1988 homines
1683 1918 2141 2004 observando,
2192 1919 2472 2005 tuendo,
2526 1919 2777 1990 defen-

615 2035 869 2118 dendo,
913 2057 1037 2104 suo
1077 2034 1164 2102 ad
1207 2055 1352 2103 rem
1400 2035 1746 2125 publicam
1792 2035 2431 2125 amplissimumque
2482 2036 2775 2105 honoris

614 2151 900 2243 gradum
940 2151 1153 2219 aditui
1193 2151 1553 2239 praecipue
1592 2150 2069 2241 prospiciebat.

703 2269 885 2346 Quae
937 2287 1095 2335 cum
1143 2265 1235 2333 ita
1275 2265 1433 2348 sint,
1477 2285 1724 2354 operae
1774 2267 2067 2355 pretium
2111 2266 2255 2334 fore
2300 2265 2499 2334 nobis
2540 2267 2764 2334 visum

612 2389 738 2469 est,
775 2384 855 2468 si,
883 2382 1119 2472 quanti
1148 2382 1406 2451 litteras
1435 2381 1760 2480 colendas
1791 2383 1880 2450 M.
1905 2382 2166 2450 Tullius
2196 2381 2491 2468 fecisset,
2526 2384 2766 2470 quanti
2822 2375 2833 2383 ’

610 2507 837 2568 autem
894 2499 1195 2568 honores
1261 2497 1739 2587 adipiscendos
1799 2498 2189 2586 famamque
2246 2496 2436 2566 omni
2502 2497 2765 2565 ratione

609 2614 1108 2705 quaerendam,
1171 2614 1871 2704 investigavissemuS.
1927 2614 2071 2690 Quo
2130 2612 2305 2681 facto
2369 2613 2765 2681 Ciceronem

609 2730 1060 2819 repperimus,
1106 2749 1259 2796 cum
1302 2731 1594 2817 optimas
1637 2737 1817 2798 artes
1866 2735 1933 2798 et
1972 2734 2247 2818 propter
2284 2730 2467 2818 ipsas
2504 2735 2764 2796 amaret

609 2853 677 2916 et
726 2827 1174 2916 libentissime
1219 2851 1551 2927 tractaret,
1598 2845 1978 2914 honoribus
2021 2852 2249 2914 tamen
2296 2851 2363 2914 et
2408 2844 2595 2913 laudi
2644 2865 2758 2912 eas

607 2959 1116 3054 postposuisse3⁴
1168 2961 1575 3030 adulescens
1640 2963 1825 3030 enim
1894 2961 1978 3029 iis
2021 2961 2460 3049 potissimum
2518 2959 2759 3028 studiis

605 3101 844 3150 vacare
885 3078 1186 3149 decrevit
1223 3077 1472 3166 quibus
1514 3077 1711 3145 citius
1753 3082 1981 3144 orator
2024 3076 2171 3144 fieri
2221 3083 2289 3144 et
2328 3076 2759 3164 magistratus

607 3196 876 3283 assequi
906 3202 1171 3283 posset;
1205 3194 1546 3284 posterius
1576 3193 1661 3261 ad
1693 3191 1935 3261 dilecta
1967 3191 2193 3260 studia
2230 3197 2378 3259 tum
2422 3192 2646 3260 solum
2685 3211 2757 3259 se

606 3311 972 3393 revocavit,
1009 3331 1164 3377 cum
1204 3330 1243 3377 a
1280 3330 1353 3378 re
1394 3309 1664 3397 publica
1693 3307 2197 3396 prohiberetur,
2231 3327 2362 3375 nec
2392 3327 2465 3375 se
2497 3327 2618 3395 per
2643 3307 2767 3374 lit-⁴

607 3433 782 3494 teras
831 3424 917 3494 de
956 3423 1358 3494 muneribus
1407 3425 1679 3494 amissis
1718 3425 2110 3493 consolatus
2150 3429 2272 3493 est.
2320 3423 2491 3490 Cum
2530 3431 2752 3492 autem

605 3529 844 3610 litteris
885 3561 1034 3611 sese
1074 3539 1514 3610 informatam
1566 3541 1872 3627 sentiret,
1907 3540 2371 3628 familiamque
2410 3558 2603 3607 suam
2647 3540 2757 3606 lit-

603 3658 764 3726 teris
803 3658 1151 3725 informari
1191 3658 1547 3743 voluisset,
1594 3662 1666 3725 ut
1705 3654 2148 3746 optimatibus
2188 3655 2393 3723 simul
2434 3661 2503 3723 et
2545 3655 2750 3743 plebi,

603 3795 894 3862 quorum
933 3774 1243 3862 perutilis
1273 3773 1401 3841 sibi
1433 3793 1640 3862 opera
1666 3765 1895 3840 futura
1924 3777 2130 3856 esset,
2163 3790 2430 3840 morem
2462 3778 2751 3859 gereret,

601 3891 946 3959 eruditum
977 3911 1051 3959 se
1089 3911 1240 3959 esse
1270 3890 1710 3980 optimatibus
1738 3889 2089 3979 professus
2119 3894 2244 3970 est,
2270 3887 2449 3976 apud
2486 3871 2752 3976 plebem

600 4014 834 4075 contra
872 4027 945 4078 se
976 4006 1219 4075 rudem
1263 4006 1518 4075 diutius
1560 4007 1778 4074 finxit.
1816 4006 2055 4074 Libros
2094 4011 2349 4088 autem,
2397 4024 2571 4092 quos
2614 4008 2751 4070 tam

599 4123 855 4194 multos
913 4128 1234 4211 tantaque
1301 4121 1754 4192 admiratione
1812 4122 2057 4211 dignos
2125 4120 2489 4205 habemuS,
2540 4119 2751 4186 animi
