3100 5042
1564 455 1845 520 -3....

615 591 862 660 Nonne
897 610 936 660 e
975 589 1450 680 philosophiae
1477 590 1783 660 fontibus
1812 591 2111 680 copiosa,
2144 588 2513 672 luculenta,
2546 594 2824 679 gravis

616 707 833 775 oratio
881 712 1116 775 manet
1161 725 1442 776 necesse
1491 704 1637 776 est?
1686 706 1930 790 Quare,
1976 726 2135 775 cum
2184 706 2329 794 ipse
2376 707 2493 774 tali
2538 707 2817 776 animo

617 828 821 904 esset,
879 829 954 890 ut
1005 821 1440 912 philosophia
1504 820 1805 910 illisque,
1875 827 1951 890 ut
2004 822 2129 904 ait,
2192 822 2815 892 mansuetioribus

615 939 834 1008 musis
885 937 1368 1022 delectaretur,
1421 958 1502 1006 66
1560 939 1782 1006 acrius
1834 938 1907 1004 in
1964 937 2117 1006 illas
2168 936 2503 1022 incubuit,
2544 957 2584 1004 a
2622 939 2810 1025 qui-

613 1053 744 1122 hus
793 1054 1123 1123 eximium
1172 1059 1510 1122 oratorem
1547 1074 1751 1142 posse
1790 1051 1967 1121 effici
2005 1071 2410 1142 persuasum
2448 1051 2797 1138 haberet3

613 1177 820 1258 atque
887 1170 987 1237 1111
1051 1169 1176 1237 arti
1247 1168 1542 1237 multum
1616 1169 1943 1258 temporis
2008 1167 2305 1236 tribuere
2372 1187 2511 1236 non
2570 1168 2801 1236 dubi-

615 1287 806 1371 tavit,
864 1305 999 1375 qua
1063 1285 1390 1354 munitior
1455 1291 1522 1352 et
1588 1285 1861 1355 brevior
1924 1287 2010 1354 ad
2076 1285 2564 1374 eloquentiam,
2624 1285 2798 1354 lau-

617 1401 799 1486 dem,
844 1401 1145 1472 honores
1189 1402 1298 1472 via
1343 1407 1715 1490 pararetur.
1762 1400 1927 1479 Quis
1973 1399 2153 1468 11666
2206 1401 2509 1469 Ciceroni
2556 1399 2795 1470 fuisse

617 1519 1047 1586 voluntatem
1093 1517 1365 1586 infitiari
1412 1516 1622 1586 velit?
1669 1516 1832 1594 Quis
1870 1517 2066 1584 illum
2106 1536 2248 1583 non
2292 1515 2425 1583 nisi
2464 1513 2675 1584 studii
2708 1521 2795 1586 et

620 1634 1097 1704 delectationis
1151 1653 1354 1702 66656
1418 1631 1924 1722 philosophiam
1998 1631 2295 1700 coluisse
2360 1630 2790 1701 contendat?

616 1751 738 1818 Ille
807 1749 1106 1838 quidem,
1173 1749 1230 1818 si
1282 1748 1643 1817 Plutarcho
1708 1746 1916 1816 fidem
1984 1747 2342 1830 habemus,
2403 1747 2785 1816 familiares

608 1866 895 1957 jubebat
940 1887 1082 1935 non
1122 1865 1409 1934 oratoris
1454 1885 1555 1948 se,
1603 1861 1725 1932 sed
1769 1864 1995 1952 potius
2046 1863 2438 1952 philosophi
2486 1863 2777 1932 nomine

616 2001 883 2066 vocare,
919 1981 1170 2069 quippe
1201 1979 1318 2068 qui
1341 1978 1818 2068 philosophiae
1848 1998 2125 2067 operam
2156 1976 2385 2046 dando
2419 1978 2777 2046 maluisset

617 2102 911 2166 aetatem
940 2114 1374 2179 consumere,
1407 2095 1801 2183 eloquentia
1832 2099 2061 2162 autem
2100 2093 2255 2162 ideo
2294 2099 2557 2162 tantum
2604 2114 2773 2162 usus

618 2220 799 2282 esset
827 2220 902 2280 ut
931 2211 1016 2280 ad
1047 2213 1348 2280 honores
1379 2212 1709 2280 niteretur
1738 2213 1789 2291 1;
1824 2216 1893 2280 at
1928 2209 2112 2279 idem
2155 2211 2294 2293 ille,
2330 2231 2481 2280 cum
2517 2208 2769 2278 seniori

615 2348 737 2419 per
814 2327 1282 2396 labefactatam
1346 2347 1488 2394 rem
1557 2325 1902 2414 publicam
1978 2325 2453 2415 philosophiae
2531 2345 2769 2394 vacare

615 2442 872 2524 liceret,
927 2460 1066 2508 non
1134 2437 1342 2507 modo
1397 2437 1484 2507 ob
1542 2458 1652 2506 res
1710 2443 2185 2518 commutatas,
2240 2436 2362 2506 sed
2418 2437 2620 2505 etiam
2680 2435 2768 2503 ob

617 2556 1028 2625 exstinctam
1057 2575 1253 2624 suam
1282 2575 1524 2624 vocem
1555 2561 1623 2622 et
1663 2554 2041 2642 depositam
2071 2575 2277 2643 quam
2309 2552 2428 2621 diu
2464 2558 2769 2641 gesserat

616 2692 1006 2762 personam,
1067 2672 1139 2739 in
1203 2691 1513 2739 maerore
1576 2671 1788 2759 jacuit
1849 2692 1863 2738 :
1930 2698 1965 2732 «
2026 2673 2246 2760 Atque
2313 2671 2609 2752 utinam,
2670 2668 2773 2734 in-

618 2787 924 2877 quiebat,
984 2806 1094 2855 res
1157 2784 1427 2876 publica
1493 2785 1819 2868 stetisset,
1882 2807 2018 2874 quo
2075 2790 2409 2875 coeperat,
2470 2782 2758 2854 statut...

618 2904 922 2971 Primum
962 2903 1171 2989 enim,
1205 2909 1282 2971 ut
1321 2908 1544 2970 stante
1575 2922 1648 2970 re
1676 2901 1947 2991 publica
1982 2902 2203 2970 facere
2244 2900 2662 2986 solebamus,
2695 2900 2766 2966 in

617 3018 884 3108 agendo
950 3020 1107 3108 plus
1173 3038 1376 3107 quam
1444 3017 1517 3084 in
1583 3015 1943 3086 scribendo
2002 3037 2246 3107 operae
2301 3036 2760 3106 poneremus,

616 3134 868 3204 deinde
917 3137 1082 3225 ipsis
1131 3135 1396 3224 scriptis
1452 3154 1596 3202 non
1653 3154 1757 3218 ea,
1808 3153 1983 3221 quae
2032 3154 2245 3219 nunc,
2296 3131 2417 3200 sed
2461 3132 2763 3201 actiones

613 3257 884 3319 nostras
916 3250 1425 3335 mandaremUS,
1460 3255 1534 3317 ut
1565 3269 1768 3338 saepe
1794 3249 2084 3317 fecimus
2113 3251 2155 3315 ².
2198 3276 2230 3310 »

703 3371 922 3454 Atque
961 3373 1184 3450 antea,
1227 3386 1386 3434 cum
1424 3363 1847 3433 adulescenti
1885 3362 2395 3432 decernendum
2434 3371 2617 3433 esset
2654 3362 2761 3430 cui

612 3481 1044 3572 potissimum
1114 3481 1345 3568 generi
1414 3480 1984 3570 philosophorum
2052 3479 2527 3566 assentiretur,
2584 3484 2767 3568 post-

611 3618 817 3688 quam
871 3603 1164 3666 attentas
1210 3615 1407 3664 aures
1465 3600 1532 3664 et
1590 3595 1859 3664 Philoni
1919 3594 2356 3681 Academico,
2422 3601 2491 3663 et
2542 3594 2762 3664 Stoico

610 3712 924 3797 Diodot0,
969 3718 1036 3782 et
1073 3712 1419 3802 Epicureis
1459 3710 1767 3780 Phaedro
1815 3710 2208 3800 Zenonique
2246 3709 2528 3791 dedidit,
2569 3710 2757 3778 illam

609 3829 893 3900 demum
958 3828 1325 3919 perfectam
1383 3828 1888 3918 philosophiam
1940 3826 2291 3918 judicavit,
2356 3852 2391 3888 «
2450 3845 2625 3915 quae
2671 3825 2757 3895 de

672 4047 717 4096 1.
752 4043 856 4094 Cic.
888 4044 1012 4102 vita,
1048 4044 1126 4093 32.

671 4117 716 4165 2.
751 4115 827 4164 De
853 4115 969 4179 off„
997 4117 1046 4173 2,
1080 4118 1124 4175 1,
1157 4117 1202 4164 3.
