3100 5042
1484 451 1803 514 —4'—

592 590 838 680 quibus
882 591 1045 661 dicit
1087 589 1391 679 ingenie,
1446 587 1714 670 studiis,
1759 587 2065 654 doctrina
2103 586 2480 658 delectatur
2511 591 2555 674 ¹,
2597 611 2754 680 per-

592 727 793 795 saepe
842 713 1078 796 poetas
1122 704 1358 773 laudat
1400 710 1517 770 aut
1565 709 1920 791 poetarum
1963 723 2204 772 versus
2251 703 2460 772 refert
2487 707 2531 788 ²,
2580 727 2756 794 quae

591 822 915 910 praeclari
946 822 1016 888 in
1051 818 1484 910 philosophia
1512 818 1641 886 viri
1671 821 2028 907 praecepta
2058 817 2331 886 tradant
2359 819 2562 888 docet
2586 823 2630 902 ³,
2669 821 2754 890 de

590 936 730 1005 vita
759 942 826 1005 et
854 937 1101 1004 libellis
1142 935 1499 1003 doctorum
1530 933 1938 1001 Graecorum
1977 933 2172 1002 docte
2217 935 2362 1023 ipse
2398 935 2674 1004 disserit
2701 939 2748 1021 ⁴,

587 1057 961 1140 postremo,
1023 1050 1230 1118 morti
1286 1049 1663 1138 proximus,
1717 1048 1893 1116 hanc
1941 1049 2072 1117 sibi
2120 1049 2422 1118 debitam
2469 1051 2750 1120 laudem

589 1165 846 1252 tribuit,
882 1186 1089 1254 quam
1127 1184 1286 1232 cum
1318 1162 1630 1252 pluribus
1671 1164 1997 1231 orationis
2034 1185 2158 1252 pro
2197 1165 2442 1232 Archia
2479 1165 2752 1234 habitae

587 1280 817 1347 verbis
866 1279 1178 1348 conferas
1224 1278 1432 1346 velim
1468 1299 1482 1344 :
1530 1304 1564 1339 «
1605 1279 1894 1345 Tantum
1939 1277 2162 1346 dicam
2207 1278 2510 1348 breviter
2555 1281 2754 1368 (Mar-

589 1415 746 1462 cum
778 1395 1033 1462 scilicet
1065 1395 1440 1461 Antonium
1472 1393 1859 1482 compellat)
1897 1398 1965 1462 te
1994 1415 2218 1482 neque
2253 1415 2490 1464 versus
2524 1417 2752 1485 neque

586 1508 764 1577 ullas
807 1510 1089 1577 omnino
1140 1511 1399 1578 litteras
1437 1528 1647 1576 nosse
1695 1533 1708 1574 ε
1755 1529 1866 1576 me
1927 1529 2056 1577 nec
2107 1511 2206 1578 rei
2256 1511 2572 1600 publicae
2622 1533 2752 1580 nec

586 1625 821 1692 amicis
865 1645 1195 1713 umquam
1240 1624 1564 1704 defuisse,
1600 1630 1667 1693 et
1704 1629 1933 1693 tamen
1973 1625 2160 1693 omni
2201 1647 2452 1716 genere
2493 1649 2746 1697 monu-

584 1747 977 1808 mentorum
1008 1761 1323 1808 meorum
1353 1739 1743 1828 perfecisse,
1775 1745 1854 1807 ut
1881 1759 2076 1810 meae
2111 1742 2386 1830 vigiliae
2417 1763 2749 1832 meaeque

584 1855 847 1924 litterae
889 1862 957 1923 et
978 1857 1329 1944 juventuti
1378 1855 1709 1936 utilitatis,
1753 1860 1821 1922 et
1857 1855 2122 1923 nomini
2161 1858 2468 1926 Romano
2523 1859 2751 1928 laudis

586 1968 843 2056 aliquid
870 1970 1185 2039 afferrent
1216 1971 1262 2036 ⁵.
1303 1997 1335 2032 »

674 2084 1025 2152 Generosa
1083 2083 1363 2172 quidem
1422 2084 1594 2152 haec
1650 2085 1896 2170 verba3
1963 2085 2211 2174 quibus
2273 2093 2499 2156 tamen
2565 2096 2760 2177 patet·

584 2200 986 2267 Ciceronem
1046 2219 1316 2288 semper
1371 2201 1656 2286 cavisse,
1728 2221 1817 2268 ne
1881 2201 2140 2268 litteras
2199 2222 2282 2270 6ο
2346 2207 2750 2291 praesertim

583 2312 773 2402 quod
800 2313 1155 2401 jucundae
1194 2320 1427 2382 essent
1465 2319 1534 2382 et
1562 2312 1828 2382 nobiles
1858 2315 2285 2385 adamavisse
2315 2316 2670 2387 videretur
2698 2323 2744 2388 ⁶.

580 2430 805 2516 Atque
893 2429 1056 2497 item
1136 2434 1357 2497 cetera
1430 2429 1626 2496 illum
1703 2430 1965 2498 cavisse
2040 2429 2236 2498 facile
2311 2430 2747 2501 demonstra-

584 2562 818 2618 remus
840 2545 883 2623 ⁷,
922 2564 1095 2632 quae
1120 2545 1262 2632 jam
1298 2565 1455 2613 cum
1494 2564 1618 2633 pro
1657 2543 1900 2611 Archia
1937 2543 2191 2612 diceret
2229 2553 2526 2615 caverat.
2573 2548 2750 2624 Quid

583 2672 748 2725 vero
795 2659 1081 2738 mirum,
1135 2659 1191 2726 si
1241 2659 1313 2725 in
1358 2658 1658 2746 vulgatis
1705 2658 2128 2727 orationibus
2178 2679 2264 2727 ne
2303 2659 2749 2732 audientibus

584 2773 857 2861 gravior
894 2780 1077 2841 esset
1116 2772 1537 2861 providebat,
1569 2791 1734 2839 cum*
1766 2793 1853 2841 ne
1892 2774 1964 2840 in
2007 2773 2200 2841 libris
2235 2774 2541 2862 quidem,
2575 2799 2750 2866 quos

584 2887 654 2954 in
699 2907 1076 2975 paucorum
1114 2908 1360 2955 manus
1411 2892 1739 2956 venturos
1787 2908 1928 2955 non
1969 2888 2393 2976 ignorabat⁸,
2439 2912 2530 2959 ne
2571 2915 2748 2981 quo-

648 3170 691 3218 1.
722 3170 826 3218 Pro
863 3170 919 3230 Q.
942 3170 1169 3234 LiqariO,
1202 3173 1248 3230 3,
1275 3169 1330 3230 83
1363 3173 1408 3230 5,
1438 3170 1513 3217 12.

646 3244 693 3290 2.
726 3239 862 3289 Vide
896 3241 960 3290 de
988 3242 1225 3290 Provinc.
1257 3240 1473 3295 consul„
1506 3241 1552 3300 9,
1583 3240 1671 3300 203
1703 3253 1799 3301 pro
1836 3239 1892 3287 L.
1931 3237 2170 3288 Cornelio
2198 3239 2375 3297 Balbe,
2410 3242 2490 3302 22,
2531 3243 2622 3300 513
2647 3254 2752 3304 pro

587 3319 677 3368 Cn.
713 3311 949 3372 Plancio,
994 3314 1072 3373 24,
1114 3314 1193 3372 59,
1232 3312 1473 3374 aliosque
1510 3309 1659 3359 locos
1696 3310 2008 3372 permultos,
2043 3309 2102 3358 In
2143 3311 2390 3360 oratione
2425 3325 2523 3374 pro
2566 3312 2750 3371 Balbe,

588 3389 663 3446 16,
695 3386 774 3443 36,
814 3382 999 3430 Cicero
1028 3381 1159 3444 quid
1206 3395 1269 3431 ea
1304 3395 1407 3431 vox
1445 3380 1715 3443 significet
1743 3395 1880 3444 quae
1910 3383 1992 3430 est
2022 3399 2046 3425 «
2078 3383 2304 3432 comiter
2333 3404 2354 3424 ιο
2389 3383 2554 3432 allato
2585 3385 2750 3434 Ennii

583 3467 744 3506 versu
773 3452 1027 3512 explicat.

648 3528 694 3574 3.
731 3523 837 3570 Pro
860 3523 929 3570 M.
962 3521 1153 3583 Caelio,
1180 3523 1255 3584 17,
1278 3523 1365 3581 413
1390 3521 1447 3570 in
1476 3521 1531 3568 L.
1561 3521 1819 3582 Pisonem,
1851 3523 1927 3579 28,
1960 3522 2036 3570 68.

650 3598 697 3644 4.
733 3594 837 3642 Pro
866 3593 921 3642 G.
950 3592 1160 3641 Rabirio
1184 3593 1345 3650 Post„
1378 3594 1424 3649 9,
1456 3595 1543 3651 233
1571 3606 1665 3654 pro
1689 3593 1758 3640 Μ.
1791 3592 2010 3652 Scaum,
2041 3595 2088 3653 3,
2121 3598 2165 3643 4.

648 3669 693 3714 5.
729 3665 789 3712 Ῑη
816 3663 885 3712 Μ.
911 3663 1214 3723 Antonium,
1250 3666 1297 3724 2,
1328 3665 1374 3724 8,
1406 3664 1483 3710 20.

645 3740 693 3786 6.
732 3735 875 3784 Haec
906 3737 1114 3782 tantum
1148 3734 1417 3795 prioribus
1444 3733 1628 3782 verbis
1666 3732 1962 3782 accedant:
1995 3753 2020 3779 «
2053 3733 2196 3792 Quas
2231 3739 2288 3785 tu
2328 3749 2751 3800 commemora-S,

585 3807 754 3868 Cassi,
784 3807 959 3870 legere
993 3810 1044 3853 te
1074 3805 1246 3854 solere
1281 3803 1572 3863 orationeS,
1607 3817 1728 3852 cum
1758 3803 1965 3853 otiosus
1995 3804 2089 3866 sis,
2118 3805 2218 3855 has
2247 3820 2348 3868 ego
2383 3809 2578 3870 scripsi
2604 3809 2752 3858 ludis

585 3883 641 3928 et
669 3878 837 3936 feriiS,
870 3890 937 3925 ne
970 3875 1187 3925 omnino
1227 3888 1484 3937 umquam
1517 3887 1692 3922 essem
1723 3875 1929 3924 otiosus
1962 3897 2005 3935 u,
2028 3889 2131 3938 pro
2163 3876 2255 3925 Gn.
2287 3877 2525 3939 Plancio,
2556 3881 2638 3941 27,
2670 3882 2750 3931 66.

648 3951 695 3996 7.
721 3948 856 3998 Vide
880 3961 982 4010 pro
1015 3946 1105 3995 Cn.
1140 3945 1379 4005 PlanciO,
1410 3946 1489 4006 30,
1513 3945 1606 4007 74;
1633 3945 1689 3994 in
1712 3944 1767 3992 L.
1797 3944 2052 4007 Pisonem,
2082 3948 2162 4006 29,
2194 3949 2272 4008 71,
2304 3949 2546 4011 aliosque
2577 3951 2747 4000 lecca.

650 4020 695 4068 8.
729 4019 919 4080 Havet,
957 4017 1002 4066 le
1042 4015 1437 4067 Christianis-me
1469 4017 1520 4063 et
1550 4030 1629 4064 ses
1661 4015 1914 4080 Oriyines‚
1948 4018 2053 4066 vol.
2080 4018 2146 4078 ΙΙ,
2173 4032 2224 4081 p.
2258 4020 2317 4067 98
2353 4019 2518 4082 (apud
2552 4021 2752 4070 Thiau-

586 4094 764 4153 court,
787 4089 938 4138 Essai
970 4102 1061 4137 sur
1089 4087 1160 4136 les
1188 4087 1373 4137 traice-s·
1398 4086 1531 4151 phil.
1558 4086 1625 4135 de
1658 4086 1784 4148 Cic„
1815 4101 1867 4149 p.
1899 4088 2032 4150 249).
