3100 5042
1578 469 1899 534 -10-

657 624 812 674 eam
865 603 1301 694 disciplinam
1350 605 1639 674 minime
1686 603 2192 690 contemnebat,
2244 626 2451 695 quam
2502 635 2537 670 «
2588 627 2777 676 non
2842 629 2891 678 a

665 721 994 811 praetoris
1041 719 1288 804 edict0,
1345 725 1422 787 ut
1475 719 1785 809 plerique
1842 729 2033 804 tuno,
2088 741 2313 810 neque
2364 742 2405 789 a
2451 720 2889 790 duodecim

661 835 935 922 tabulis,
987 844 1062 904 ut
1115 836 1526 925 superiores,
1576 834 1693 904 sed
1740 837 2015 924 penitus
2068 856 2154 906 ex
2212 836 2457 905 intima
2509 838 2885 926 philoso-

665 952 824 1042 phia
861 952 1308 1022 hauriendam
1363 979 1395 1014 »
1439 957 1710 1040 putaret
1740 954 1791 1038 ¹3
1827 958 2044 1021 artem
2084 954 2369 1022 minime
2411 955 2883 1044 neglegebat

663 1075 816 1158 post
858 1068 1318 1156 eloquentiam
1363 1068 1816 1156 primariam²
1826 1119 1841 1154 ‚
1876 1088 2012 1157 qua
2049 1067 2140 1136 ad.
2176 1090 2487 1139 summos
2516 1070 2877 1142 honores

657 1183 997 1274 quosdam
1041 1189 1399 1272 provectos
1437 1203 1591 1252 6336
1624 1182 2219 1253 animadverteret.

749 1299 897 1365 Jam
937 1297 1103 1386 quid
1148 1295 1234 1365 de
1273 1298 1515 1366 ceteris
1562 1296 1770 1366 rebus
1819 1297 2067 1382 dicam,
2122 1297 2371 1386 quibus
2418 1298 2871 1370 adulescen-

663 1414 849 1484 tulus
888 1415 1120 1482 Cicero
1159 1433 1412 1502 magno
1451 1433 1659 1502 opere
1699 1412 2002 1484 studuit?
2038 1415 2367 1482 Historias
2407 1415 2863 1484 Graecorum

658 1537 729 1598 et
755 1530 989 1619 populi
1011 1529 1300 1598 Romani
1329 1529 1617 1598 annales
1643 1528 2025 1612 evolvebat,
2048 1549 2223 1617 quae
2243 1531 2527 1598 omnino
2553 1533 2863 1600 nescire

659 1665 820 1714 cum
865 1665 987 1735 per
1031 1665 1105 1714 se
1149 1645 1626 1733 turpissimum
1669 1663 1821 1714 esse
1867 1643 2320 1729 existimabat,
2374 1650 2518 1713 turn
2566 1649 2851 1714 oratori

663 1761 1223 1851 magistratuique
1273 1760 1547 1848 saepius
1595 1757 1871 1828 videbat
1920 1759 2214 1828 officere.
2262 1761 2515 1829 Versus
2552 1761 2849 1849 scripti-

659 1876 870 1962 tabat,
903 1876 1137 1966 quain
1177 1875 1659 1944 exercitatione
1689 1875 1998 1964 plerique
2037 1875 2355 1943 homines
2396 1873 2639 1943 urbani
2673 1884 2843 1943 tum

661 1992 1136 2074 versabantur,
1169 1997 1248 2058 ut
1288 1992 1583 2080 eleganti
1632 1998 1699 2060 et
1738 1997 1977 2060 ornato
2025 1996 2093 2059 et
2138 1991 2503 2079 magnifico
2545 1990 2839 2060 dicendi

667 2127 918 2197 genere
947 2107 1299 2197 potiretur.
1335 2107 1544 2176 Multa
1572 2127 1611 2176 e
1639 2127 1881 2196 graeco
1922 2109 1994 2174 in
2023 2106 2315 2174 latinum
2346 2107 2831 2188 convertebat,

658 2244 801 2313 quo
840 2243 1080 2313 graece
1119 2222 1534 2291 luculentius
1566 2224 1790 2306 sciret,
1827 2223 2036 2291 latine
2074 2222 2354 2313 peritius
2393 2228 2461 2290 et
2498 2221 2833 2291 disertius

662 2340 1097 2428 loqueretur:
1135 2341 1669 2409 oeconomicum
1699 2339 1905 2427 igitur
1942 2338 2458 2428 Xenophontis³
2486 2345 2553 2407 et
2581 2343 2830 2407 Prota·

657 2476 907 2543 goram
937 2454 1273 2524 Platonis'·
1301 2461 1368 2524 et
1386 2454 1615 2522 Aratia
1643 2454 1944 2522 carmina
1966 2457 1987 2490 ⁵
2018 2454 2499 2542 interpretatus
2529 2461 2653 2522 est.

753 2574 1106 2640 Praeterea
1137 2591 1340 2660 quam
1384 2571 1643 2639 mullos
1673 2571 1836 2660 legit
1878 2571 2284 2639 Graecorum
2316 2579 2383 2638 et
2422 2571 2825 2638 Latinorum

659 2687 950 2755 libros⁶l
999 2688 1214 2762 Quam
1260 2685 1514 2754 multas
1564 2686 1964 2767 sententias,
2008 2705 2212 2772 quam
2272 2685 2526 2753 multos
2576 2706 2825 2754 versus

661 2801 993 2870 memoria
1040 2801 1283 2884 tenuit,
1329 2798 1579 2888 quibus
1634 2806 1702 2868 et
1753 2801 2094 2868 orationes
2131 2809 2200 2868 et
2245 2801 2569 2889 epistulas
2612 2802 2822 2868 etiam

659 2920 1064 2987 festinanter
1131 2916 1414 3006 scriptas
1483 2922 1849 2984 consuerat
1904 2914 2188 2984 ornare!
2249 2916 2490 2983 Poetas
2558 2923 2813 3000 tamen,

657 3034 974 3124 quamvis
1013 3031 1392 3102 nonnullos
1445 3031 1895 3100 vehementer
1940 3030 2413 3115 admiraretur,
2476 3052 2618 3099 non
2678 3037 2818 3098 tam

661 3159 738 3218 ut
783 3147 1296 3239 pulchritudine
1343 3154 1412 3217 et
1451 3147 1873 3217 ornamentis
1920 3147 2300 3214 carminum
2340 3146 2815 3232 delectaretur,

725 3343 769 3388 1.
795 3339 871 3388 De
897 3340 1016 3406 leq„
1049 3344 1094 3401 1,
1131 3343 1178 3401 5,
1206 3344 1282 3390 17.

721 3413 768 3460 2.
798 3411 967 3475 Brut„
998 3414 1077 3475 41,
1107 3414 1223 3474 1513
1259 3413 1418 3465 —cf.
1455 3412 1745 3477 Deoff..2,
1782 3413 1861 3474 19,
1892 3414 1969 3462 66.

724 3485 770 3532 3.
806 3483 878 3531 De
906 3483 1017 3547 off„
1046 3449 1094 3542 2,
1125 3485 1204 3543 24,
1235 3484 1312 3531 87.

724 3555 768 3600 4.
801 3553 936 3603 Vide
967 3555 1055 3604 W.
1081 3519 1136 3604 ⁹8.
1161 3552 1383 3614 Teuffel,
1421 3553 1723 3604 Geschichte
1760 3555 1855 3603 der
1892 3555 2183 3605 rdmischen
2212 3554 2490 3619 Liteaematm,
2529 3569 2631 3604 neu
2668 3554 2819 3604 bear

658 3623 816 3673 beitct
844 3625 1024 3674 vonL.
1053 3624 1331 3688 Schwabe,
1355 3625 1538 3689 fiinfte
1567 3625 1805 3707 Αυίὶα96,
1833 3626 2066 3688 Leipzig,
2096 3627 2362 3688 Teubner,
2387 3628 2529 3688 1890,
2556 3626 2720 3686 5186,
2750 3627 2817 3688 9⁸)

662 3697 766 3760 (vel
795 3695 1016 3745 Histoire
1049 3695 1114 3745 de
1147 3695 1202 3745 la
1231 3695 1530 3746 litterature
1559 3699 1827 3758 romaine3
1858 3697 2097 3747 traduite
2123 3713 2216 3746 sur
2242 3699 2300 3748 la
2328 3701 2384 3746 3⁰
2402 3697 2485 3748 ed.
2515 3662 2817 3747 {zllemande

654 3781 760 3832 par
777 3768 822 3819 J.
855 3768 1104 3817 Bonnard
1127 3770 1181 3816 et
1213 3767 1523 3830 Pierson...;
1556 3771 1595 3817 t.
1622 3768 1698 3829 1⁰¹,
1730 3768 1895 3830 PariS,
1923 3769 2157 3832 Vieweg,
2186 3771 2325 3832 1879,
2357 3783 2409 3832 p.
2440 3770 2571 3834 329).

725 3839 771 3886 5.
802 3838 878 3887 De
904 3841 1017 3888 nat.
1039 3836 1206 3897 deoru,
1230 3840 1278 3897 2,
1308 3841 1388 3898 41,
1419 3839 1529 3887 164.

724 3913 771 3958 6.
805 3908 920 3958 vid.
951 3909 1107 3958 Edm.
1147 3908 1364 3972 Lange:
1403 3907 1540 3970 Quid
1586 3923 1704 3958 cum
1756 3910 1821 3959 de
1849 3910 2059 3976 inqenio
2087 3913 2136 3960 el
2172 3909 2379 3968 litteris,
2423 3913 2537 3961 tum
2567 3911 2631 3959 de
2651 3911 2820 3972 poetis

666 3979 984 4030 Graecorum
1034 3978 1209 4029 Cicero
1247 3980 1484 4043 senserit,
1519 3980 1686 4041 Helie,
1737 3982 1885 4043 1880;
1916 4009 1980 4019 -
2021 3981 2135 4032 Jos.
2190 3982 2388 4044 Kubik,
2444 3980 2521 4030 De
2553 3980 2622 4029 Μ.
2659 3979 2821 4031 Tullii

661 4051 926 4102 Ciceronis
960 4055 1242 4116 poetarum
1293 4051 1585 4102 latinorum
1620 4051 1811 4103 studiis
1853 4053 1935 4118 (in
1986 4052 2259 4104 volumine
2306 4053 2451 4117 quod
2503 4052 2819 4102 inscribitur

662 4122 1066 4172 Dissertationes
1089 4121 1388 4188 philoloqae
1428 4121 1861 4186 VindobonenaeS,
1884 4123 1925 4187 Ι,
1959 4124 2169 4188 Lipsiae
2198 4129 2251 4176 et
2280 4127 2497 4191 Pragae,
2534 4124 2693 4187 1887).
