3100 5042
1526 489 1615 584 ⁸-
1655 535 1858 600 52—

632 695 849 764 aeque
888 696 968 743 ac
994 694 1305 765 graecam
1348 672 1766 762 locupletem
1806 691 1904 757 re,
1941 691 2082 739 non
2120 671 2330 758 verbo
2359 669 2648 739 reddere
2685 678 2791 740 est

634 796 941 858 conatus.
1004 789 1195 870 Quod
1252 788 1505 878 duplex
1565 808 1763 875 opUS,
1823 787 1998 855 sicut
2053 784 2432 854 consularis
2487 787 2788 855 maxime

632 913 959 994 quantam
987 906 1233 972 artium
1264 904 1676 993 optimarum
1709 901 1935 970 studio
1966 921 2243 990 operam
2275 900 2466 971 daret
2493 903 2783 991 aperuit,

631 1021 797 1088 item
827 1020 1207 1089 consularis
1236 1019 1670 1108 potissimum
1701 1036 2066 1106 aggressus
2095 1024 2220 1085 est.

1695 1333 1722 1398 1

724 1503 901 1569 Ante
938 1498 1125 1567 enim
1166 1519 1371 1587 quam
1412 1499 1656 1566 consul
1695 1504 1966 1566 creatus
2007 1504 2132 1578 est,
2168 1517 2382 1586 pauca
2405 1503 2674 1565 tantum
2701 1517 2784 1566 eo

627 1614 938 1700 consilio,
992 1620 1068 1681 ut
1120 1614 1495 1703 composite
1542 1613 1762 1702 magis
1813 1617 2183 1700 ornateque
2240 1613 2468 1701 eloqui
2523 1619 2779 1701 posset,

625 1731 1063 1819 conscripsit,
1123 1748 1296 1819 quae
1371 1735 1534 1796 sunt
1619 1729 1907 1796 minoris
1977 1727 2310 1798 facienda.
2381 1727 2780 1815 Cujusmodi

624 1868 836 1936 puero
867 1847 963 1913 illi
994 1851 1110 1914 aut
1147 1843 1665 1913 adulescentulo
1707 1864 1791 1912 ex
1835 1843 2414 1912 commentariolis
2444 1842 2778 1931 quaedam

625 1960 942 2027 inchoata
978 1979 1057 2026 ac
1092 1958 1292 2027 rudia
1339 1957 1742 2026 exciderunt
1779 1959 1822 2037 ¹,
1867 1957 2116 2045 quibus
2155 1976 2330 2044 quae
2367 1955 2450 2023 ab
2501 1957 2778 2024 Herma-

623 2094 787 2163 gora
816 2080 884 2142 et
912 2073 1273 2142 Cornificio
1305 2072 1391 2162 (si
1429 2073 1523 2141 ita
1557 2078 1662 2140 est
1693 2079 1766 2140 ut
1796 2072 2198 2140 Cornificius
2227 2070 2312 2140 ad
2353 2073 2777 2141 Herennium

619 2189 1027 2257 rhetoricam
1058 2189 1243 2256 illam
1273 2188 1562 2278 miserit)
1602 2189 1745 2275 jam
1781 2188 2088 2276 exposita
2116 2187 2386 2256 dicendi
2418 2194 2778 2278 praecepta

620 2309 813 2372 erant
886 2304 1436 2373 continebantur.
1511 2305 1864 2392 Itemque,
1929 2308 2002 2370 ut
2065 2303 2435 2372 verborum
2509 2305 2774 2393 copiam

618 2421 897 2508 augeret
953 2420 1512 2507 moderatamque
1571 2420 1972 2498 orationem,
2030 2440 2164 2506 qua
2221 2408 2487 2486 dulcior
2538 2420 2775 2486 nullus

617 2535 908 2602 inveniri
957 2542 1195 2603 cantus
1237 2540 1460 2623 potest
1495 2535 1542 2618 ²,
1598 2533 1726 2602 sibi
1776 2540 2065 2623 pararet,
2119 2534 2420 2602 carmina
2466 2536 2580 2602 vel
2629 2536 2772 2622 ipse

618 2651 1026 2737 composuit,
1070 2650 1182 2717 vel
1228 2670 1267 2716 a
1304 2650 1578 2718 Graecis
1618 2649 1993 2739 composita
2038 2649 2247 2718 latine
2291 2650 2772 2738 interpretatus

615 2769 719 2832 est
754 2765 808 2850 ³;
860 2784 1062 2851 quem
1101 2762 1184 2830 ad
1236 2762 1518 2831 modum
1553 2765 1739 2831 Arati
1789 2763 2266 2853 probatissima
2303 2765 2421 2832 illo
2461 2771 2770 2855 tempore

613 2881 919 2950 carmina
962 2881 1029 2946 in
1099 2879 1536 2948 vernaculam
1626 2880 1934 2968 linguam
2002 2881 2348 2948 transtulit
2401 2882 2456 2963 ⁴3
2529 2884 2774 2951 Pontii

620 2998 900 3079 Glauci,
924 2997 1097 3081 Nili,
1130 2995 1423 3063 aliorum
1455 2999 1860 3082 argumenta
1890 3003 2283 3084 poematum
2318 2995 2400 3063 ab
2430 2997 2581 3065 aliis
2610 3018 2769 3087 poe-

610 3113 697 3180 tis
735 3118 1087 3179 mutuatus
1118 3116 1251 3197 est3
1288 3110 1720 3199 elegiamque
1760 3109 2107 3198 quandam
2146 3111 2763 3181 Alexandrinorum

669 3326 713 3372 1.
740 3325 813 3374 De
837 3327 993 3386 orat„
1027 3328 1071 3384 1,
1102 3327 1150 3386 2,
1182 3327 1227 3373 5.

667 3397 715 3443 2.
744 3394 821 3444 De
852 3397 1012 3455 orat„
1036 3396 1087 3457 2,
1117 3397 1163 3454 8,
1191 3398 1267 3444 34.

668 3468 714 3514 3.
747 3465 822 3513 De
849 3465 1240 3516 adulescentuli
1263 3466 1533 3516 Ciceronis
1571 3467 1794 3530 poeticis
1824 3467 2302 3519 exercitationibus
2332 3468 2456 3519 vide
2477 3470 2675 3531 Kubik,
2697 3469 2762 3519 dc

604 3535 674 3584 M.
708 3537 759 3585 Τ.
794 3535 894 3584 Cic.
918 3538 1057 3598 poet.
1082 3534 1174 3584 lat.
1207 3539 1289 3591 st„
1324 3550 1376 3600 p.
1409 3539 1646 3596 240-2413
1675 3566 1738 3573 —
1766 3538 1905 3585 Max.
1933 3539 2150 3587 Grollmi
2179 3538 2416 3589 libellum
2447 3536 2541 3602 q'ui
2575 3541 2760 3590 inscri-

604 3605 752 3654 bitur
780 3606 843 3654 de
862 3606 938 3655 M.
970 3605 1135 3655 Tullio
1162 3608 1332 3670 poeta.
1352 3607 1624 3657 Par-cicula
1647 3609 1810 3671 prior.
1832 3607 1906 3657 Dc
1931 3609 2369 3672 inscriptionibus,
2387 3611 2452 3659 dc
2481 3625 2761 3674 arqumen-

606 3677 691 3736 tis,
720 3676 784 3726 dc
822 3676 1136 3738 temporibus
1170 3677 1499 3740 sinqulomm
1532 3679 1843 3728 carminum.
1865 3679 2192 3740 Regimonti,
2226 3680 2376 3742 18873
2406 3710 2470 3718 —
2497 3682 2756 3740 Ribbeck,

607 3746 905 3797 Gcschichte
938 3747 1027 3796 der
1065 3747 1388 3798 Roemischen
1416 3747 2020 3812 Dichtun9,·Stuttgart‚
2048 3750 2238 3812 Verlag
2267 3752 2364 3800 der
2396 3753 2442 3802 J.
2483 3753 2544 3802 G.
2585 3753 2757 3802 Gotta'

604 3819 765 3868 schen
799 3817 1245 3882 Buchhandlung,
1276 3820 1381 3869 vol.
1415 3820 1456 3880 1,
1487 3819 1624 3877 1887,
1653 3834 1704 3881 p.
1739 3821 1828 3868 299
1860 3833 1977 3882 sqq.

665 3892 710 3938 4.
744 3891 819 3939 De
848 3889 1008 3938 Arato
1034 3887 1163 3953 quid
1192 3888 1405 3950 judicet
1432 3891 1602 3939 Couat
1627 3890 1752 3940 vide
1786 3891 1840 3939 in
1873 3889 1928 3940 la
1957 3892 2130 3940 Poe‘sie
2159 3891 2507 3943 alexandrine
2533 3909 2656 3944 sous
2685 3893 2758 3944 les

604 3961 731 4010 trois
777 3960 1027 4024 premicrs
1079 3961 1364 4010 Ptolc'me'cs
1423 3961 1655 4024 (304-223
1716 3975 1800 4010 ειν.
1849 3961 1876 4010 J
1883 3961 2020 4025 .-C.)‚
2070 3963 2247 4023 Paris,
2285 3965 2561 4027 Hachette,
2615 3966 2756 4027 1882,

604 4045 654 4090 p.
686 4033 776 4079 446
802 4044 920 4094 sqq.
949 4034 1003 4079 et
1026 4032 1115 4080 487
1137 4044 1285 4094 sqq.;
1311 4030 1533 4080 Aratum
1569 4044 1690 4080 cum
1736 4031 1989 4093 Cicerone
2018 4038 2298 4093 comparat
2335 4035 2507 4095 Pauo,
2543 4027 2631 4086 Εἰ.
2663 4033 2771 4086 sur‘

608 4101 661 4150 la
674 4101 849 4164 poe‘sie
882 4100 1000 4162 lat„
1019 4102 1082 4162 11,
1109 4116 1161 4165 p.
1193 4103 1283 4150 457
1314 4115 1465 4163 sqq.;
1486 4102 1825 4164 Proqnostica
1848 4102 2036 4152 eadem
2068 4116 2174 4164 quo
2193 4103 2560 4156 Phaenomena
2577 4113 2756 4158 aetate

604 4185 865 4222 conversa
888 4185 1006 4222 esse
1035 4172 1319 4222 contendit
1345 4172 1636 4233 Grollmus,
1665 4171 1730 4221 dc
1756 4173 1828 4220 Μ.
1864 4174 1914 4224 Τ.
1935 4177 2115 4236 poeta,
2141 4189 2192 4236 p.
2215 4178 2376 4226 15-17.
