<?xml version="1.0" encoding="UTF-8"?>
<!DOCTYPE html PUBLIC "-//W3C//DTD XHTML 1.0 Transitional//EN"
    "http://www.w3.org/TR/xhtml1/DTD/xhtml1-transitional.dtd">
<html xmlns="http://www.w3.org/1999/xhtml" xml:lang="en" lang="en">
 <head>
  <title>
</title>
<meta http-equiv="Content-Type" content="text/html;charset=utf-8" />
  <meta name='ocr-system' content='tesseract 3.04.00' />
  <meta name='ocr-capabilities' content='ocr_page ocr_carea ocr_par ocr_line ocrx_word'/>
</head>
<body>
  <div class='ocr_page' id='page_1' title='image "./mtulliusciceroq00unkngoog_0079.png"; bbox 0 0 3100 5042; ppageno 0'>
   <div class='ocr_carea' id='block_1_1' title="bbox 1254 490 1572 554">
    <p class='ocr_par' dir='ltr' id='par_1_1' title="bbox 1254 490 1572 554">
     <span class='ocr_line' id='line_1_1' title="bbox 1254 490 1572 554; baseline 0 -14"><span class='ocrx_word' id='word_1_1' title='bbox 1254 490 1572 554; x_wconf 68' lang='grc'><strong>...55-</strong></span> 
     </span>
    </p>
   </div>
   <div class='ocr_carea' id='block_1_2' title="bbox 344 623 2512 716">
    <p class='ocr_par' dir='ltr' id='par_1_2' title="bbox 344 623 2512 716">
     <span class='ocr_line' id='line_1_2' title="bbox 344 623 2512 716; baseline -0.001 -22"><span class='ocrx_word' id='word_1_2' title='bbox 344 627 492 716; x_wconf 87' lang='lat' dir='ltr'>pius</span> <span class='ocrx_word' id='word_1_3' title='bbox 522 625 905 696; x_wconf 88' lang='lat' dir='ltr'>maledictis</span> <span class='ocrx_word' id='word_1_4' title='bbox 941 625 1201 696; x_wconf 90' lang='lat' dir='ltr'>Julium</span> <span class='ocrx_word' id='word_1_5' title='bbox 1240 625 1601 696; x_wconf 81' lang='lat' dir='ltr'>Caesarem</span> <span class='ocrx_word' id='word_1_6' title='bbox 1639 625 2015 711; x_wconf 85' lang='lat' dir='ltr'>lacessivit3</span> <span class='ocrx_word' id='word_1_7' title='bbox 2052 623 2226 694; x_wconf 90' lang='lat' dir='ltr'>adeo</span> <span class='ocrx_word' id='word_1_8' title='bbox 2263 630 2512 716; x_wconf 29' lang='lat' dir='ltr'>autem,</span> 
     </span>
    </p>
   </div>
   <div class='ocr_carea' id='block_1_3' title="bbox 343 739 2492 1065">
    <p class='ocr_par' dir='ltr' id='par_1_3' title="bbox 343 739 2492 1065">
     <span class='ocr_line' id='line_1_3' title="bbox 346 739 2492 830; baseline -0.001 -20"><span class='ocrx_word' id='word_1_9' title='bbox 346 743 613 812; x_wconf 85' lang='lat' dir='ltr'>civilem</span> <span class='ocrx_word' id='word_1_10' title='bbox 667 743 1065 826; x_wconf 90' lang='lat' dir='ltr'>scientiam,</span> <span class='ocrx_word' id='word_1_11' title='bbox 1118 762 1274 810; x_wconf 91' lang='lat' dir='ltr'>cum</span> <span class='ocrx_word' id='word_1_12' title='bbox 1330 741 1417 809; x_wconf 92' lang='lat' dir='ltr'>de</span> <span class='ocrx_word' id='word_1_13' title='bbox 1463 739 1900 830; x_wconf 83' lang='lat' dir='ltr'>philosophia</span> <span class='ocrx_word' id='word_1_14' title='bbox 1953 746 2289 828; x_wconf 80' lang='lat' dir='ltr'>ageretur,</span> <span class='ocrx_word' id='word_1_15' title='bbox 2351 760 2492 808; x_wconf 85' lang='lat' dir='ltr'>res·</span> 
     </span>
     <span class='ocr_line' id='line_1_4' title="bbox 343 857 2491 948; baseline -0.002 -20"><span class='ocrx_word' id='word_1_16' title='bbox 343 861 541 948; x_wconf 85' lang='lat' dir='ltr'><strong>pexit,</strong></span> <span class='ocrx_word' id='word_1_17' title='bbox 589 866 695 944; x_wconf 90' lang='lat' dir='ltr'>ut,</span> <span class='ocrx_word' id='word_1_18' title='bbox 738 859 825 928; x_wconf 91' lang='lat' dir='ltr'>de</span> <span class='ocrx_word' id='word_1_19' title='bbox 866 865 1217 928; x_wconf 86' lang='lat' dir='ltr'>senectute</span> <span class='ocrx_word' id='word_1_20' title='bbox 1257 861 1571 948; x_wconf 77' lang='lat' dir='ltr'>loquenS,</span> <span class='ocrx_word' id='word_1_21' title='bbox 1614 857 2187 947; x_wconf 77' lang='lat' dir='ltr'>pragmaticorum</span> <span class='ocrx_word' id='word_1_22' title='bbox 2225 862 2491 924; x_wconf 89' lang='lat' dir='ltr'>tantum</span> 
     </span>
     <span class='ocr_line' id='line_1_5' title="bbox 343 975 1591 1065; baseline -0.001 -23"><span class='ocrx_word' id='word_1_23' title='bbox 343 975 701 1044; x_wconf 89' lang='lat' dir='ltr'>hominum</span> <span class='ocrx_word' id='word_1_24' title='bbox 734 980 1157 1044; x_wconf 87' lang='lat' dir='ltr'>senectutem</span> <span class='ocrx_word' id='word_1_25' title='bbox 1188 975 1591 1065; x_wconf 80' lang='lat' dir='ltr'>depinxerit.</span> 
     </span>
    </p>
   </div>
   <div class='ocr_carea' id='block_1_4' title="bbox 1388 1289 1449 1356">
    <p class='ocr_par' dir='ltr' id='par_1_4' title="bbox 1388 1289 1449 1356">
     <span class='ocr_line' id='line_1_6' title="bbox 1388 1289 1449 1356; baseline 0 0"><span class='ocrx_word' id='word_1_26' title='bbox 1388 1289 1449 1356; x_wconf 95' lang='lat' dir='ltr'>II</span> 
     </span>
    </p>
   </div>
   <div class='ocr_carea' id='block_1_5' title="bbox 340 1481 2497 2154">
    <p class='ocr_par' dir='ltr' id='par_1_5' title="bbox 340 1481 2497 2154">
     <span class='ocr_line' id='line_1_7' title="bbox 429 1481 2496 1571; baseline 0 -18"><span class='ocrx_word' id='word_1_27' title='bbox 429 1487 616 1563; x_wconf 85' lang='lat' dir='ltr'>Quae</span> <span class='ocrx_word' id='word_1_28' title='bbox 660 1505 817 1553; x_wconf 91' lang='lat' dir='ltr'>cum</span> <span class='ocrx_word' id='word_1_29' title='bbox 856 1485 947 1552; x_wconf 89' lang='lat' dir='ltr'>ita</span> <span class='ocrx_word' id='word_1_30' title='bbox 996 1485 1157 1569; x_wconf 88' lang='lat' dir='ltr'>sint,</span> <span class='ocrx_word' id='word_1_31' title='bbox 1196 1484 1479 1552; x_wconf 91' lang='lat' dir='ltr'>minime</span> <span class='ocrx_word' id='word_1_32' title='bbox 1527 1481 1808 1571; x_wconf 90' lang='lat' dir='ltr'>quidem</span> <span class='ocrx_word' id='word_1_33' title='bbox 1857 1484 2294 1552; x_wconf 86' lang='lat' dir='ltr'>infitiandum</span> <span class='ocrx_word' id='word_1_34' title='bbox 2341 1484 2496 1554; x_wconf 93' lang='lat' dir='ltr'>ideo</span> 
     </span>
     <span class='ocr_line' id='line_1_8' title="bbox 341 1601 2496 1691; baseline 0 -21"><span class='ocrx_word' id='word_1_35' title='bbox 341 1623 616 1691; x_wconf 91' lang='lat' dir='ltr'>quoque</span> <span class='ocrx_word' id='word_1_36' title='bbox 634 1602 941 1670; x_wconf 80' lang='lat' dir='ltr'>Ciceroni</span> <span class='ocrx_word' id='word_1_37' title='bbox 971 1602 1398 1691; x_wconf 86' lang='lat' dir='ltr'>propositum</span> <span class='ocrx_word' id='word_1_38' title='bbox 1426 1601 1641 1669; x_wconf 86' lang='lat' dir='ltr'>fuisse</span> <span class='ocrx_word' id='word_1_39' title='bbox 1670 1621 1744 1670; x_wconf 90' lang='lat' dir='ltr'>se</span> <span class='ocrx_word' id='word_1_40' title='bbox 1775 1605 1992 1669; x_wconf 84' lang='lat' dir='ltr'>totum</span> <span class='ocrx_word' id='word_1_41' title='bbox 2025 1602 2496 1691; x_wconf 80' lang='lat' dir='ltr'>philosophiae</span> 
     </span>
     <span class='ocr_line' id='line_1_9' title="bbox 342 1717 2497 1807; baseline -0 -19"><span class='ocrx_word' id='word_1_42' title='bbox 342 1720 632 1805; x_wconf 80' lang='lat' dir='ltr'>tradere,</span> <span class='ocrx_word' id='word_1_43' title='bbox 680 1717 863 1807; x_wconf 90' lang='lat' dir='ltr'>quod</span> <span class='ocrx_word' id='word_1_44' title='bbox 909 1739 948 1786; x_wconf 91' lang='lat' dir='ltr'>a</span> <span class='ocrx_word' id='word_1_45' title='bbox 997 1719 1217 1807; x_wconf 93' lang='lat' dir='ltr'>primo</span> <span class='ocrx_word' id='word_1_46' title='bbox 1267 1723 1576 1807; x_wconf 90' lang='lat' dir='ltr'>tempore</span> <span class='ocrx_word' id='word_1_47' title='bbox 1623 1719 1864 1787; x_wconf 87' lang='lat' dir='ltr'>aetatis</span> <span class='ocrx_word' id='word_1_48' title='bbox 1912 1738 1992 1788; x_wconf 92' lang='lat' dir='ltr'>eo</span> <span class='ocrx_word' id='word_1_49' title='bbox 2042 1718 2266 1786; x_wconf 89' lang='lat' dir='ltr'>studio</span> <span class='ocrx_word' id='word_1_50' title='bbox 2317 1726 2497 1787; x_wconf 88' lang='lat' dir='ltr'>esset</span> 
     </span>
     <span class='ocr_line' id='line_1_10' title="bbox 344 1832 2496 1922; baseline 0.001 -21"><span class='ocrx_word' id='word_1_51' title='bbox 344 1833 744 1918; x_wconf 88' lang='lat' dir='ltr'>delectatus,</span> <span class='ocrx_word' id='word_1_52' title='bbox 770 1832 1314 1922; x_wconf 77' lang='lat' dir='ltr'>defatigatasque</span> <span class='ocrx_word' id='word_1_53' title='bbox 1342 1834 1616 1901; x_wconf 89' lang='lat' dir='ltr'>animus</span> <span class='ocrx_word' id='word_1_54' title='bbox 1646 1840 1710 1901; x_wconf 92' lang='lat' dir='ltr'>et</span> <span class='ocrx_word' id='word_1_55' title='bbox 1742 1834 1855 1902; x_wconf 92' lang='lat' dir='ltr'>vel</span> <span class='ocrx_word' id='word_1_56' title='bbox 1883 1834 2138 1902; x_wconf 87' lang='lat' dir='ltr'>forensi</span> <span class='ocrx_word' id='word_1_57' title='bbox 2163 1833 2356 1902; x_wconf 87' lang='lat' dir='ltr'>clade</span> <span class='ocrx_word' id='word_1_58' title='bbox 2386 1836 2496 1903; x_wconf 91' lang='lat' dir='ltr'>vel</span> 
     </span>
     <span class='ocr_line' id='line_1_11' title="bbox 341 1948 2495 2037; baseline 0 -18"><span class='ocrx_word' id='word_1_59' title='bbox 341 1950 719 2019; x_wconf 90' lang='lat' dir='ltr'>domestico</span> <span class='ocrx_word' id='word_1_60' title='bbox 759 1950 949 2018; x_wconf 87' lang='lat' dir='ltr'>luctu</span> <span class='ocrx_word' id='word_1_61' title='bbox 1002 1967 1202 2036; x_wconf 88' lang='lat' dir='ltr'>aeger</span> <span class='ocrx_word' id='word_1_62' title='bbox 1246 1949 1513 2017; x_wconf 88' lang='lat' dir='ltr'>nullum</span> <span class='ocrx_word' id='word_1_63' title='bbox 1565 1948 1786 2037; x_wconf 88' lang='lat' dir='ltr'>majus</span> <span class='ocrx_word' id='word_1_64' title='bbox 1838 1950 2270 2018; x_wconf 86' lang='lat' dir='ltr'>miseriarum</span> <span class='ocrx_word' id='word_1_65' title='bbox 2308 1951 2495 2019; x_wconf 88' lang='lat' dir='ltr'>leva-</span> 
     </span>
     <span class='ocr_line' id='line_1_12' title="bbox 340 2063 2493 2154; baseline 0.001 -22"><span class='ocrx_word' id='word_1_66' title='bbox 340 2071 652 2134; x_wconf 86' lang='lat' dir='ltr'>mentum</span> <span class='ocrx_word' id='word_1_67' title='bbox 695 2065 991 2154; x_wconf 90' lang='lat' dir='ltr'>reperire</span> <span class='ocrx_word' id='word_1_68' title='bbox 1030 2069 1287 2153; x_wconf 85' lang='lat' dir='ltr'>posset.</span> <span class='ocrx_word' id='word_1_69' title='bbox 1323 2064 1492 2132; x_wconf 91' lang='lat' dir='ltr'>Aliis</span> <span class='ocrx_word' id='word_1_70' title='bbox 1531 2084 1696 2134; x_wconf 90' lang='lat' dir='ltr'>vero</span> <span class='ocrx_word' id='word_1_71' title='bbox 1737 2064 2110 2154; x_wconf 83' lang='lat' dir='ltr'>multisque</span> <span class='ocrx_word' id='word_1_72' title='bbox 2149 2063 2234 2134; x_wconf 91' lang='lat' dir='ltr'>de</span> <span class='ocrx_word' id='word_1_73' title='bbox 2272 2067 2493 2134; x_wconf 87' lang='lat' dir='ltr'>causis</span> 
     </span>
    </p>
   </div>
   <div class='ocr_carea' id='block_1_6' title="bbox 340 2179 2528 2271">
    <p class='ocr_par' dir='ltr' id='par_1_6' title="bbox 340 2179 2528 2271">
     <span class='ocr_line' id='line_1_13' title="bbox 340 2179 2528 2271; baseline 0.002 -23"><span class='ocrx_word' id='word_1_74' title='bbox 340 2181 426 2248; x_wconf 88' lang='lat' dir='ltr'>ad</span> <span class='ocrx_word' id='word_1_75' title='bbox 456 2182 590 2250; x_wconf 90' lang='lat' dir='ltr'>hoc</span> <span class='ocrx_word' id='word_1_76' title='bbox 619 2199 761 2249; x_wconf 91' lang='lat' dir='ltr'>non</span> <span class='ocrx_word' id='word_1_77' title='bbox 791 2179 1252 2268; x_wconf 89' lang='lat' dir='ltr'>injucundum</span> <span class='ocrx_word' id='word_1_78' title='bbox 1290 2201 1465 2269; x_wconf 93' lang='lat' dir='ltr'>opus</span> <span class='ocrx_word' id='word_1_79' title='bbox 1504 2179 1891 2249; x_wconf 87' lang='lat' dir='ltr'>faciendum</span> <span class='ocrx_word' id='word_1_80' title='bbox 1931 2181 2317 2251; x_wconf 78' lang='lat' dir='ltr'>accedebat.</span> <span class='ocrx_word' id='word_1_81' title='bbox 2359 2183 2528 2271; x_wconf 91' lang='lat' dir='ltr'>Ipsi.</span> 
     </span>
    </p>
   </div>
   <div class='ocr_carea' id='block_1_7' title="bbox 337 2297 2495 3654">
    <p class='ocr_par' dir='ltr' id='par_1_7' title="bbox 337 2297 2495 3654">
     <span class='ocr_line' id='line_1_14' title="bbox 338 2297 2490 2385; baseline -0 -20"><span class='ocrx_word' id='word_1_82' title='bbox 338 2297 553 2381; x_wconf 90' lang='lat' dir='ltr'>enim,</span> <span class='ocrx_word' id='word_1_83' title='bbox 601 2297 926 2385; x_wconf 87' lang='lat' dir='ltr'>quoniam</span> <span class='ocrx_word' id='word_1_84' title='bbox 974 2297 1301 2365; x_wconf 87' lang='lat' dir='ltr'>oratorias</span> <span class='ocrx_word' id='word_1_85' title='bbox 1348 2297 1863 2365; x_wconf 85' lang='lat' dir='ltr'>exercitationes</span> <span class='ocrx_word' id='word_1_86' title='bbox 1907 2318 2046 2365; x_wconf 92' lang='lat' dir='ltr'>non</span> <span class='ocrx_word' id='word_1_87' title='bbox 2103 2298 2490 2384; x_wconf 83' lang='lat' dir='ltr'>reliquerat,</span> 
     </span>
     <span class='ocr_line' id='line_1_15' title="bbox 338 2411 2494 2502; baseline 0 -23"><span class='ocrx_word' id='word_1_88' title='bbox 338 2411 543 2482; x_wconf 88' lang='lat' dir='ltr'>valde</span> <span class='ocrx_word' id='word_1_89' title='bbox 610 2411 931 2500; x_wconf 87' lang='lat' dir='ltr'>proderat</span> <span class='ocrx_word' id='word_1_90' title='bbox 998 2412 1129 2480; x_wconf 88' lang='lat' dir='ltr'>hoc</span> <span class='ocrx_word' id='word_1_91' title='bbox 1201 2433 1419 2502; x_wconf 90' lang='lat' dir='ltr'>genus</span> <span class='ocrx_word' id='word_1_92' title='bbox 1495 2413 1971 2502; x_wconf 89' lang='lat' dir='ltr'>philosophiae</span> <span class='ocrx_word' id='word_1_93' title='bbox 2027 2413 2245 2501; x_wconf 88' lang='lat' dir='ltr'>sequi,</span> <span class='ocrx_word' id='word_1_94' title='bbox 2309 2411 2494 2501; x_wconf 91' lang='lat' dir='ltr'>quod</span> 
     </span>
     <span class='ocr_line' id='line_1_16' title="bbox 338 2527 2495 2617; baseline 0.001 -24"><span class='ocrx_word' id='word_1_95' title='bbox 338 2548 663 2616; x_wconf 86' lang='lat' dir='ltr'>magnam</span> <span class='ocrx_word' id='word_1_96' title='bbox 703 2527 996 2596; x_wconf 86' lang='lat' dir='ltr'>habebat</span> <span class='ocrx_word' id='word_1_97' title='bbox 1034 2549 1187 2596; x_wconf 92' lang='lat' dir='ltr'>cum</span> <span class='ocrx_word' id='word_1_98' title='bbox 1241 2537 1507 2598; x_wconf 84' lang='lat' dir='ltr'>oratore</span> <span class='ocrx_word' id='word_1_99' title='bbox 1557 2530 1949 2598; x_wconf 84' lang='lat' dir='ltr'>societatem</span> <span class='ocrx_word' id='word_1_100' title='bbox 1988 2532 2041 2610; x_wconf 81' lang='lat'>¹3</span> <span class='ocrx_word' id='word_1_101' title='bbox 2097 2528 2495 2617; x_wconf 86' lang='lat' dir='ltr'>civibusque</span> 
     </span>
     <span class='ocr_line' id='line_1_17' title="bbox 340 2643 2493 2735; baseline 0.001 -26"><span class='ocrx_word' id='word_1_102' title='bbox 340 2645 480 2712; x_wconf 88' lang='lat' dir='ltr'>suis</span> <span class='ocrx_word' id='word_1_103' title='bbox 539 2644 869 2732; x_wconf 88' lang='lat' dir='ltr'>quoniam</span> <span class='ocrx_word' id='word_1_104' title='bbox 922 2644 1032 2713; x_wconf 88' lang='lat' dir='ltr'>vel</span> <span class='ocrx_word' id='word_1_105' title='bbox 1101 2644 1404 2733; x_wconf 87' lang='lat' dir='ltr'>privatus</span> <span class='ocrx_word' id='word_1_106' title='bbox 1470 2665 1748 2734; x_wconf 86' lang='lat' dir='ltr'>operam</span> <span class='ocrx_word' id='word_1_107' title='bbox 1816 2666 2065 2715; x_wconf 90' lang='lat' dir='ltr'>navare</span> <span class='ocrx_word' id='word_1_108' title='bbox 2120 2643 2493 2735; x_wconf 85' lang='lat' dir='ltr'>praedicari</span> 
     </span>
     <span class='ocr_line' id='line_1_18' title="bbox 340 2759 2484 2852; baseline 0 -27"><span class='ocrx_word' id='word_1_109' title='bbox 340 2759 675 2847; x_wconf 88' lang='lat' dir='ltr'>cupiebat,</span> <span class='ocrx_word' id='word_1_110' title='bbox 731 2759 995 2828; x_wconf 88' lang='lat' dir='ltr'>nullam</span> <span class='ocrx_word' id='word_1_111' title='bbox 1050 2764 1227 2828; x_wconf 87' lang='lat' dir='ltr'>certe</span> <span class='ocrx_word' id='word_1_112' title='bbox 1285 2760 1665 2829; x_wconf 86' lang='lat' dir='ltr'>doctrinam</span> <span class='ocrx_word' id='word_1_113' title='bbox 1731 2763 2067 2852; x_wconf 87' lang='lat' dir='ltr'>potiorem</span> <span class='ocrx_word' id='word_1_114' title='bbox 2115 2760 2484 2852; x_wconf 84' lang='lat' dir='ltr'>judicabat,</span> 
     </span>
     <span class='ocr_line' id='line_1_19' title="bbox 342 2873 2495 2966; baseline 0 -25"><span class='ocrx_word' id='word_1_115' title='bbox 342 2894 473 2961; x_wconf 89' lang='lat' dir='ltr'>qua</span> <span class='ocrx_word' id='word_1_116' title='bbox 532 2874 819 2942; x_wconf 90' lang='lat' dir='ltr'>Romani</span> <span class='ocrx_word' id='word_1_117' title='bbox 877 2873 1217 2942; x_wconf 89' lang='lat' dir='ltr'>doctiores</span> <span class='ocrx_word' id='word_1_118' title='bbox 1279 2875 1521 2944; x_wconf 88' lang='lat' dir='ltr'>fierent</span> <span class='ocrx_word' id='word_1_119' title='bbox 1565 2877 1611 2960; x_wconf 80' lang='lat'>²,</span> <span class='ocrx_word' id='word_1_120' title='bbox 1673 2883 1740 2944; x_wconf 91' lang='lat' dir='ltr'>et</span> <span class='ocrx_word' id='word_1_121' title='bbox 1786 2879 2120 2966; x_wconf 90' lang='lat' dir='ltr'>juventus</span> <span class='ocrx_word' id='word_1_122' title='bbox 2177 2875 2495 2942; x_wconf 86' lang='lat' dir='ltr'>institue-</span> 
     </span>
     <span class='ocr_line' id='line_1_20' title="bbox 343 2988 2492 3078; baseline -0 -23"><span class='ocrx_word' id='word_1_123' title='bbox 343 2993 549 3075; x_wconf 88' lang='lat' dir='ltr'>retur,</span> <span class='ocrx_word' id='word_1_124' title='bbox 584 3009 757 3075; x_wconf 88' lang='lat' dir='ltr'>quae</span> <span class='ocrx_word' id='word_1_125' title='bbox 788 2990 880 3057; x_wconf 88' lang='lat' dir='ltr'>ita</span> <span class='ocrx_word' id='word_1_126' title='bbox 912 2990 1218 3058; x_wconf 87' lang='lat' dir='ltr'>moribus</span> <span class='ocrx_word' id='word_1_127' title='bbox 1256 2989 1574 3078; x_wconf 89' lang='lat' dir='ltr'>prolapsa</span> <span class='ocrx_word' id='word_1_128' title='bbox 1610 2999 1754 3058; x_wconf 91' lang='lat' dir='ltr'>erat</span> <span class='ocrx_word' id='word_1_129' title='bbox 1792 2999 1866 3059; x_wconf 86' lang='lat' dir='ltr'>ut</span> <span class='ocrx_word' id='word_1_130' title='bbox 1905 2992 2213 3059; x_wconf 90' lang='lat' dir='ltr'>omnium</span> <span class='ocrx_word' id='word_1_131' title='bbox 2248 2988 2492 3078; x_wconf 88' lang='lat' dir='ltr'>opibus</span> 
     </span>
     <span class='ocr_line' id='line_1_21' title="bbox 340 3103 2491 3193; baseline 0.001 -21"><span class='ocrx_word' id='word_1_132' title='bbox 340 3104 750 3188; x_wconf 84' lang='lat' dir='ltr'>refrenanda</span> <span class='ocrx_word' id='word_1_133' title='bbox 804 3109 986 3173; x_wconf 90' lang='lat' dir='ltr'>esset</span> <span class='ocrx_word' id='word_1_134' title='bbox 1048 3113 1250 3193; x_wconf 90' lang='lat' dir='ltr'>atque</span> <span class='ocrx_word' id='word_1_135' title='bbox 1318 3103 1694 3172; x_wconf 89' lang='lat' dir='ltr'>coercenda</span> <span class='ocrx_word' id='word_1_136' title='bbox 1731 3107 1798 3190; x_wconf 75' lang='grc'>3;</span> <span class='ocrx_word' id='word_1_137' title='bbox 1860 3106 2110 3174; x_wconf 90' lang='lat' dir='ltr'>civitati</span> <span class='ocrx_word' id='word_1_138' title='bbox 2191 3106 2491 3193; x_wconf 90' lang='lat' dir='ltr'>denique</span> 
     </span>
     <span class='ocr_line' id='line_1_22' title="bbox 339 3218 2490 3309; baseline 0.001 -23"><span class='ocrx_word' id='word_1_139' title='bbox 339 3219 503 3307; x_wconf 89' lang='lat' dir='ltr'>quid</span> <span class='ocrx_word' id='word_1_140' title='bbox 559 3219 948 3288; x_wconf 87' lang='lat' dir='ltr'>condonare</span> <span class='ocrx_word' id='word_1_141' title='bbox 1003 3224 1270 3308; x_wconf 86' lang='lat' dir='ltr'>poterat</span> <span class='ocrx_word' id='word_1_142' title='bbox 1333 3218 1517 3307; x_wconf 88' lang='lat' dir='ltr'>quod</span> <span class='ocrx_word' id='word_1_143' title='bbox 1577 3220 1791 3309; x_wconf 91' lang='lat' dir='ltr'>pluris</span> <span class='ocrx_word' id='word_1_144' title='bbox 1851 3219 1937 3288; x_wconf 89' lang='lat' dir='ltr'>ad</span> <span class='ocrx_word' id='word_1_145' title='bbox 2001 3219 2212 3288; x_wconf 91' lang='lat' dir='ltr'>decus</span> <span class='ocrx_word' id='word_1_146' title='bbox 2287 3228 2352 3289; x_wconf 87' lang='lat' dir='ltr'>et</span> <span class='ocrx_word' id='word_1_147' title='bbox 2405 3219 2490 3288; x_wconf 89' lang='lat' dir='ltr'>ad</span> 
     </span>
     <span class='ocr_line' id='line_1_23' title="bbox 337 3333 2491 3427; baseline 0.003 -28"><span class='ocrx_word' id='word_1_148' title='bbox 337 3333 613 3402; x_wconf 87' lang='lat' dir='ltr'>laudem</span> <span class='ocrx_word' id='word_1_149' title='bbox 640 3334 1028 3419; x_wconf 86' lang='lat' dir='ltr'>interesset,</span> <span class='ocrx_word' id='word_1_150' title='bbox 1061 3335 1194 3402; x_wconf 91' lang='lat' dir='ltr'>nisi</span> <span class='ocrx_word' id='word_1_151' title='bbox 1228 3339 1300 3401; x_wconf 90' lang='lat' dir='ltr'>ut</span> <span class='ocrx_word' id='word_1_152' title='bbox 1328 3340 1599 3422; x_wconf 85' lang='lat' dir='ltr'>ereptae</span> <span class='ocrx_word' id='word_1_153' title='bbox 1640 3334 1909 3404; x_wconf 89' lang='lat' dir='ltr'>Graecis</span> <span class='ocrx_word' id='word_1_154' title='bbox 1940 3356 2048 3405; x_wconf 90' lang='lat' dir='ltr'>res</span> <span class='ocrx_word' id='word_1_155' title='bbox 2080 3342 2218 3404; x_wconf 88' lang='lat' dir='ltr'>tam</span> <span class='ocrx_word' id='word_1_156' title='bbox 2249 3357 2491 3427; x_wconf 90' lang='lat' dir='ltr'>graves</span> 
     </span>
     <span class='ocr_line' id='line_1_24' title="bbox 337 3450 2358 3538; baseline 0.003 -23"><span class='ocrx_word' id='word_1_157' title='bbox 337 3455 613 3538; x_wconf 87' lang='lat' dir='ltr'>tamque</span> <span class='ocrx_word' id='word_1_158' title='bbox 638 3450 1025 3538; x_wconf 85' lang='lat' dir='ltr'>praeclarae</span> <span class='ocrx_word' id='word_1_159' title='bbox 1053 3450 1284 3517; x_wconf 90' lang='lat' dir='ltr'>latinis</span> <span class='ocrx_word' id='word_1_160' title='bbox 1308 3450 1452 3538; x_wconf 88' lang='lat' dir='ltr'>jam</span> <span class='ocrx_word' id='word_1_161' title='bbox 1481 3450 1724 3518; x_wconf 87' lang='lat' dir='ltr'>litteris</span> <span class='ocrx_word' id='word_1_162' title='bbox 1755 3453 2268 3521; x_wconf 87' lang='lat' dir='ltr'>continerentur</span> <span class='ocrx_word' id='word_1_163' title='bbox 2296 3452 2358 3521; x_wconf 80' lang='lat'>⁴?</span> 
     </span>
     <span class='ocr_line' id='line_1_25' title="bbox 424 3564 2485 3654; baseline 0.002 -24"><span class='ocrx_word' id='word_1_164' title='bbox 424 3565 597 3631; x_wconf 91' lang='lat' dir='ltr'>Nam</span> <span class='ocrx_word' id='word_1_165' title='bbox 633 3565 841 3633; x_wconf 88' lang='lat' dir='ltr'>etiam</span> <span class='ocrx_word' id='word_1_166' title='bbox 884 3571 1030 3632; x_wconf 89' lang='lat' dir='ltr'>tum</span> <span class='ocrx_word' id='word_1_167' title='bbox 1071 3564 1506 3654; x_wconf 88' lang='lat' dir='ltr'>philosophia</span> <span class='ocrx_word' id='word_1_168' title='bbox 1545 3565 1883 3649; x_wconf 91' lang='lat' dir='ltr'>Graeciae,</span> <span class='ocrx_word' id='word_1_169' title='bbox 1931 3568 2044 3635; x_wconf 90' lang='lat' dir='ltr'>uhi</span> <span class='ocrx_word' id='word_1_170' title='bbox 2076 3575 2235 3637; x_wconf 86' lang='lat' dir='ltr'>nata</span> <span class='ocrx_word' id='word_1_171' title='bbox 2281 3575 2485 3654; x_wconf 84' lang='lat' dir='ltr'>esset,</span> 
     </span>
    </p>
   </div>
   <div class='ocr_carea' id='block_1_8' title="bbox 337 3780 2487 4197">
    <p class='ocr_par' dir='ltr' id='par_1_8' title="bbox 337 3780 2487 3917">
     <span class='ocr_line' id='line_1_26' title="bbox 337 3780 2487 3849; baseline 0.001 -19"><span class='ocrx_word' id='word_1_172' title='bbox 337 3784 427 3832; x_wconf 80' lang='lat' dir='ltr'>tur</span> <span class='ocrx_word' id='word_1_173' title='bbox 451 3780 521 3830; x_wconf 85' lang='grc' dir='ltr'>Μ.</span> <span class='ocrx_word' id='word_1_174' title='bbox 561 3780 611 3829; x_wconf 85' lang='grc' dir='ltr'>Τ.</span> <span class='ocrx_word' id='word_1_175' title='bbox 650 3780 909 3831; x_wconf 75' lang='lat' dir='ltr'>Ciceronis</span> <span class='ocrx_word' id='word_1_176' title='bbox 940 3782 1140 3846; x_wconf 77' lang='lat' dir='ltr'>officia,</span> <span class='ocrx_word' id='word_1_177' title='bbox 1173 3780 1411 3832; x_wconf 79' lang='lat' dir='ltr'>Lutetiae</span> <span class='ocrx_word' id='word_1_178' title='bbox 1451 3783 1797 3845; x_wconf 85' lang='lat' dir='ltr'>Parisiorum,</span> <span class='ocrx_word' id='word_1_179' title='bbox 1827 3785 2047 3848; x_wconf 78' lang='lat' dir='ltr'>Thorin,</span> <span class='ocrx_word' id='word_1_180' title='bbox 2077 3788 2214 3848; x_wconf 82' lang='lat'>1867,</span> <span class='ocrx_word' id='word_1_181' title='bbox 2242 3799 2295 3849; x_wconf 88' lang='lat' dir='ltr'>p.</span> <span class='ocrx_word' id='word_1_182' title='bbox 2328 3785 2487 3846; x_wconf 84' lang='lat'>29-30,</span> 
     </span>
     <span class='ocr_line' id='line_1_27' title="bbox 337 3850 2024 3917; baseline 0.004 -17"><span class='ocrx_word' id='word_1_183' title='bbox 337 3855 391 3902; x_wconf 88' lang='lat' dir='ltr'>et</span> <span class='ocrx_word' id='word_1_184' title='bbox 415 3852 762 3913; x_wconf 79' lang='lat' dir='ltr'>Thiaucourt,</span> <span class='ocrx_word' id='word_1_185' title='bbox 792 3852 952 3901; x_wconf 72' lang='lat' dir='ltr'>Esaai</span> <span class='ocrx_word' id='word_1_186' title='bbox 978 3865 1072 3901; x_wconf 73' lang='lat' dir='ltr'>sur</span> <span class='ocrx_word' id='word_1_187' title='bbox 1101 3850 1176 3900; x_wconf 73' lang='lat' dir='ltr'>lea</span> <span class='ocrx_word' id='word_1_188' title='bbox 1206 3852 1391 3901; x_wconf 76' lang='lat' dir='ltr'>traite&#39;s</span> <span class='ocrx_word' id='word_1_189' title='bbox 1421 3851 1553 3915; x_wconf 75' lang='lat' dir='ltr'>phil.</span> <span class='ocrx_word' id='word_1_190' title='bbox 1581 3853 1646 3903; x_wconf 87' lang='lat' dir='ltr'>de</span> <span class='ocrx_word' id='word_1_191' title='bbox 1678 3853 1800 3917; x_wconf 64' lang='lat' dir='ltr'>Cic„</span> <span class='ocrx_word' id='word_1_192' title='bbox 1827 3869 1880 3917; x_wconf 87' lang='lat' dir='ltr'>p.</span> <span class='ocrx_word' id='word_1_193' title='bbox 1917 3858 2024 3907; x_wconf 79' lang='lat'><strong>317.</strong></span> 
     </span>
    </p>

    <p class='ocr_par' dir='ltr' id='par_1_9' title="bbox 401 3922 867 3986">
     <span class='ocr_line' id='line_1_28' title="bbox 401 3922 867 3986; baseline 0.004 -15"><span class='ocrx_word' id='word_1_194' title='bbox 401 3925 445 3971; x_wconf 89' lang='lat'>1.</span> <span class='ocrx_word' id='word_1_195' title='bbox 475 3922 551 3971; x_wconf 86' lang='lat' dir='ltr'>De</span> <span class='ocrx_word' id='word_1_196' title='bbox 575 3923 709 3986; x_wconf 77' lang='lat' dir='ltr'>fato,</span> <span class='ocrx_word' id='word_1_197' title='bbox 740 3924 788 3984; x_wconf 85' lang='lat'>2,</span> <span class='ocrx_word' id='word_1_198' title='bbox 820 3924 867 3973; x_wconf 89' lang='grc'>3.</span> 
     </span>
    </p>

    <p class='ocr_par' dir='ltr' id='par_1_10' title="bbox 398 3993 948 4056">
     <span class='ocr_line' id='line_1_29' title="bbox 398 3993 948 4056; baseline 0 -16"><span class='ocrx_word' id='word_1_199' title='bbox 398 3995 446 4042; x_wconf 83' lang='lat'>2.</span> <span class='ocrx_word' id='word_1_200' title='bbox 478 3993 554 4042; x_wconf 85' lang='lat' dir='ltr'>De</span> <span class='ocrx_word' id='word_1_201' title='bbox 573 3994 689 4056; x_wconf 64' lang='lat' dir='ltr'>fin„</span> <span class='ocrx_word' id='word_1_202' title='bbox 723 3995 770 4054; x_wconf 87' lang='lat'>1,</span> <span class='ocrx_word' id='word_1_203' title='bbox 796 3996 844 4054; x_wconf 92' lang='grc'>4,</span> <span class='ocrx_word' id='word_1_204' title='bbox 870 3995 948 4043; x_wconf 86' lang='grc'>10.</span> 
     </span>
    </p>

    <p class='ocr_par' dir='ltr' id='par_1_11' title="bbox 398 4062 937 4125">
     <span class='ocr_line' id='line_1_30' title="bbox 398 4062 937 4125; baseline 0.002 -14"><span class='ocrx_word' id='word_1_205' title='bbox 398 4063 444 4112; x_wconf 86' lang='grc'>3.</span> <span class='ocrx_word' id='word_1_206' title='bbox 474 4063 552 4112; x_wconf 86' lang='lat' dir='ltr'>De</span> <span class='ocrx_word' id='word_1_207' title='bbox 584 4062 711 4122; x_wconf 73' lang='lat' dir='ltr'>div„</span> <span class='ocrx_word' id='word_1_208' title='bbox 741 4065 788 4121; x_wconf 80' lang='lat'>2,</span> <span class='ocrx_word' id='word_1_209' title='bbox 811 4065 858 4125; x_wconf 85' lang='lat'>2,</span> <span class='ocrx_word' id='word_1_210' title='bbox 890 4066 937 4112; x_wconf 89' lang='grc'>4.</span> 
     </span>
    </p>

    <p class='ocr_par' dir='ltr' id='par_1_12' title="bbox 396 4134 1186 4197">
     <span class='ocr_line' id='line_1_31' title="bbox 396 4134 1186 4197; baseline 0.003 -14"><span class='ocrx_word' id='word_1_211' title='bbox 396 4136 444 4183; x_wconf 87' lang='grc'>4.</span> <span class='ocrx_word' id='word_1_212' title='bbox 478 4135 551 4184; x_wconf 88' lang='lat' dir='ltr'>De</span> <span class='ocrx_word' id='word_1_213' title='bbox 579 4137 691 4184; x_wconf 80' lang='lat' dir='ltr'>nat.</span> <span class='ocrx_word' id='word_1_214' title='bbox 717 4134 953 4197; x_wconf 81' lang='lat' dir='ltr'>deorum,</span> <span class='ocrx_word' id='word_1_215' title='bbox 987 4138 1031 4197; x_wconf 86' lang='lat'>1,</span> <span class='ocrx_word' id='word_1_216' title='bbox 1060 4136 1109 4193; x_wconf 86' lang='grc'>4,</span> <span class='ocrx_word' id='word_1_217' title='bbox 1143 4138 1186 4186; x_wconf 87' lang='grc'>7.</span> 
     </span>
    </p>
   </div>
  </div>
 </body>
</html>
