3100 5042
1525 537 1846 600 -90...

603 679 1011 742 sentaneum
1075 678 1205 756 est,
1265 678 1339 740 ut
1396 670 1483 738 de
1538 672 1854 740 Lucretio
1914 677 2192 754 taceret,
2251 691 2406 736 cum
2455 691 2764 759 praeser-

603 787 727 854 tim
766 787 1145 854 recentium
1190 788 1596 875 scriptorum
1648 787 1930 854 nomina
1963 785 2235 854 silentio
2275 785 2528 854 soleret
2564 807 2761 876 prae-

604 903 805 971 terire
836 905 879 970 ¹.
922 902 1133 970 Multa
1172 922 1335 972 vero
1373 903 1665 970 Lucretii
1703 922 1862 970 cum
1905 901 2208 970 imitatus
2247 901 2336 969 sit
2373 904 2420 986 ²,
2463 903 2618 991 quis
2655 903 2759 969 illi

598 1016 971 1086 contendat
999 1023 1239 1106 poetae
1267 1038 1443 1106 opus
1470 1018 1784 1107 ignotum
1810 1017 2068 1085 fuisse?
2097 1017 2338 1099 Quare,
2377 1017 2521 1086 sive
2539 1019 2757 1087 Attico

601 1132 1009 1201 Memmiove
1039 1140 1308 1221 gratum
1346 1132 1529 1218 fecit,
1563 1134 1709 1201 sive
1747 1153 1905 1200 cum
1945 1132 2284 1215 Lucretio,
2319 1132 2436 1219 qui
2467 1153 2755 1201 conver—

598 1269 755 1315 sum
786 1246 873 1315 de
901 1247 1153 1315 Graeco
1182 1249 1464 1314 Aratum
1495 1248 1770 1336 saepius
1803 1247 2285 1335 interpretatus
2315 1252 2420 1314 est
2447 1248 2494 1330 ³,
2527 1246 2756 1335 aliqua

599 1361 1104 1432 necessitudine
1142 1364 1551 1451 conjunctus
1581 1363 1812 1431 Cicero
1843 1362 1971 1430 fuit
1990 1364 2012 1396 ⁴
2033 1361 2266 1452 (quam
2299 1362 2536 1430 multis
2565 1364 2754 1431 enim

597 1475 940 1564 Epicureis
970 1474 1237 1564 Epicuri
1266 1473 1696 1544 adversarius
1725 1473 1842 1543 ille
1865 1493 2035 1551 usus
2065 1476 2209 1541 est⁵
2227 1472 2304 1562 Ξ),
2329 1473 2544 1541 libros
2573 1481 2754 1543 certe

594 1591 680 1657 de
726 1595 985 1658 Rerum
1036 1598 1297 1658 natura
1344 1589 1740 1660 emendavit
1781 1596 1850 1657 et
1910 1587 2220 1658 edendos
2263 1589 2412 1677 ipse
2462 1590 2746 1659 curavit.

594 1707 812 1784 Quam
860 1713 1090 1775 autem
1127 1708 1399 1796 raptim,
1441 1727 1651 1796 quam
1688 1725 1930 1795 parum
1975 1713 2130 1794 apte
2159 1703 2606 1774 emendatum
2635 1706 2747 1792 sit,

596 1828 990 1913 corruptum
1030 1823 1255 1912 ipsum
1296 1842 1472 1911 opus
1508 1827 1578 1891 et
1616 1821 2089 1890 commentarii
2131 1820 2386 1909 quibus
2421 1841 2461 1888 a
2501 1821 2752 1890 doctis-

588 1941 783 2008 simis
838 1940 1003 2007 viris
1064 1940 1456 2007 Lachmann
1514 1944 1584 2007 et
1643 1939 1884 2005 Munro
1954 1937 2367 2005 illustratum
2426 1942 2532 2004 est
2587 1936 2750 2005 satis

592 2075 933 2144 superque
962 2054 1331 2122 declarant.

650 2272 695 2316 1.
728 2269 938 2327 Munm,
969 2269 1035 2326 11,
1070 2270 1175 2317 173.
2019 2277 2028 2286 ·

650 2343 695 2388 2.
741 2339 874 2389 Vide
917 2341 1056 2390 J.-V.
1111 2340 1321 2389 Leclerc
1364 2341 1419 2390 in
1465 2340 1531 2388 de
1578 2339 1716 2396 Diu„
1766 2341 1810 2402 2,
1865 2340 1943 2400 28,
1989 2341 2076 2398 603
2119 2340 2332 2400 Munr0,
2379 2340 2446 2403 ll,
2498 2342 2739 2402 172-1733

581 2410 638 2460 C.
666 2410 892 2471 Martha,
924 2410 970 2458 le
992 2411 1173 2460 Poeme
1199 2411 1263 2459 de
1286 2413 1525 2472 Lacr-ece,
1556 2409 1771 2468 mot-ale,
1797 2409 2035 2474 religion,
2061 2411 2275 2473 science,
2305 2412 2354 2460 3·
2387 2411 2536 2469 edit„
2573 2411 2741 2473 Paria,

585 2482 861 2540 Hachette‚
894 2496 944 2543 p.
976 2484 1209 2530 350-352.

646 2555 692 2600 3.
724 2552 933 2612 Mum-0,
963 2553 1027 2614 11,
1058 2556 1103 2601 9.
1140 2581 1201 2589 -
1230 2554 1413 2603 Cicero
1446 2557 1499 2602 et
1532 2553 1813 2602 Lueretius
1848 2552 2082 2602 Ennium
2125 2565 2296 2615 aeque
2333 2552 2743 2602 admirabantur

578 2623 727 2683 (vide
747 2623 809 2671 de
836 2623 1024 2672 Rerum
1048 2627 1183 2684 nat„
1214 2624 1254 2686 1,
1281 2626 1341 2673 62
1372 2638 1519 2688 sqq.3
1546 2624 1634 2685 vl,
1665 2627 1686 2672 1
1719 2624 1881 2686 sqq.).

643 2695 690 2742 4.
722 2694 853 2744 Vide
888 2694 1070 2757 Sellar,
1109 2695 1205 2744 The
1232 2696 1428 2744 Roman
1456 2698 1610 2744 Poets
1638 2695 1702 2758 of
1729 2694 1814 2745 the
1842 2694 2109 2759 Republic,
2138 2709 2259 2745 new
2301 2694 2594 2756 edition...,
2637 2695 2742 2746 Ox·
2829 2717 2840 2725 ·

580 2763 719 2822 ford,
755 2768 809 2812 at
840 2765 929 2812 the
959 2765 1258 2814 Clarendon
1283 2766 1455 2823 prese,
1490 2769 1628 2825 1881,
1661 2780 1714 2830 p.
1746 2768 1855 2816 280.

644 2838 689 2884 5.
716 2835 924 2896 OlleriS,
950 2836 1015 2884 de
1041 2835 1278 2886 Phaedro
1304 2837 1580 2898 Epicurea,
1613 2850 1666 2900 p.
1697 2839 1775 2887 50.
