3100 5042
1510 473 1854 550 —82—-'

676 620 1059 711 Dis01pulos
1080 639 1242 688 vero
1265 639 1789 706 nonnumquam
1815 617 2166 686 beneficiis
2193 618 2436 686 affecit.
2453 619 2750 687 ‘Caecina

585 739 798 818 enim,
844 756 999 805 cum
1053 733 1382 823 probrosa
1422 732 1762 822 quaedam
1811 733 1883 798 in
1937 733 2290 803 Caesarem
2336 734 2743 822 scripsisset,

586 859 663 922 ut
708 851 1019 919 dolorem
1069 847 1371 916 Caesaris
1410 854 1477 916 et
1523 847 1695 914 iram
1744 846 2159 930 sublevaret,
2195 847 2512 916 libellum
2558 869 2743 916 com-

586 968 834 1055 posuit,
879 983 1085 1053 quem
1144 961 1469 1049 magistro
1536 961 1843 1028 Ciceroni
1888 961 2259 1050 legendum
2300 969 2369 1030 et
2409 963 2748 1052 corrigen-

584 1081 751 1149 dum
780 1078 1113 1168 permisit.
1148 1078 1378 1145 Cicero
1419 1077 1916 1165 igitur,·utpote
1955 1078 2064 1144 cui
2098 1077 2523 1167 propositum
2563 1088 2742 1147 esset

584 1197 941 1264 Caesarem
1008 1191 1095 1260 ad
1152 1173 1556 1280 ignoscendi
1614 1192 2041 1260 voluntatem
2101 1192 2464 1276 deducere,
2527 1194 2744 1262 effecit

583 1316 662 1379 ut
704 1311 967 1389 Caesar,
1020 1307 1271 1376 eximio
1328 1306 1653 1375 Caecinae
1693 1307 1966 1396 ingenio
2017 1306 2417 1394 delectatus,
2459 1310 2532 1376 in
2589 1329 2744 1397 gra-

585 1425 750 1492 tiam
783 1421 1092 1492 exsulem
1132 1423 1542 1490 revocaret¹.
1577 1422 1881 1489 Caelium
1907 1425 1928 1456 ²
1967 1428 2223 1504 autem,
2259 1421 2343 1491 ad
2379 1444 2452 1492 se
2483 1444 2522 1491 a
2554 1431 2743 1513 patre

587 1537 983 1622 deductum,
1037 1556 1177 1604 non
1222 1534 1428 1603 modo
1475 1535 1792 1618 instituit,
1856 1535 2004 1618 sed,
2062 1558 2218 1604 cum
2275 1538 2410 1604 acri
2465 1539 2747 1623 ingenio

586 1660 769 1722 esset
788 1655 811 1687 ²
835 1650 1323 1739 studiosusque
1353 1651 1656 1740 magistri
1689 1650 2127 1739 discipulus‘,
2165 1653 2364 1721 unice
2394 1650 2652 1736 dilexit,
2677 1657 2750 1721 et

585 1791 745 1838 cum
775 1767 903 1837 sibi
932 1757 1259 1856 prodesse
1292 1766 1365 1833 in
1400 1786 1472 1834 re
1500 1765 1774 1854 publica
1809 1773 2038 1854 posset
2068 1767 2436 1856 Clodiaque
2465 1789 2506 1835 a
2539 1773 2746 1857 gente

584 1889 1115 1973 oppugnaretur,
1152 1881 1224 1949 in
1260 1880 1655 1948 discrimine
1705 1883 1942 1970 capitis
1973 1873 2302 1950 defendit.
2338 1884 2492 1960 Quo
2514 1867 2744 1951 autem

586 1999 815 2065 animo
860 1997 1063 2064 Caelii
1107 2015 1385 2063 causam
1434 1996 1672 2082 egerit,
1715 2016 1921 2083 quam
1972 1998 2336 2085 magnifice
2379 1993 2466 2064 de
2504 2017 2746 2067 emen-

586 2111 814 2181 dando
844 2111 1063 2178 amico
1094 2110 1301 2178 fidem
1332 2108 1814 2177 dederit⁵cum
1851 2109 2024 2179 bene
2061 2112 2150 2179 sit
2187 2117 2454 2196 notum,
2491 2112 2743 2201 quibus

585 2227 828 2296 officiis
858 2227 1089 2294 Cicero
1125 2246 1264 2293 non
1296 2224 1691 2314 discipulos,
1729 2223 1849 2293 sed
1885 2226 2056 2294 alios
2097 2227 2282 2296 viros
2314 2227 2550 2296 doctos
2580 2247 2744 2316 pro-

587 2349 863 2412 secutus
902 2343 986 2410 sit
1019 2344 1161 2432 jam
1199 2341 1592 2411 videamus.

1630 2650 1720 2716 III

678 2826 895 2894 Roscii
914 2825 934 2859 ⁸
960 2825 1143 2892 enIm
1168 2831 1433 2912 rogatu,
1457 2845 1872 2913 quamquam
1905 2825 2275 2894 histriones
2301 2832 2743 2896 contemnere

584 2941 850 3010 solebat
879 2943 924 3021 ⁷,
990 2941 1060 3009 P.
1116 2940 1408 3017 Quinctii
1466 2959 1746 3007 causam
1812 2941 1950 3028 egit
1981 2943 2025 3022 ⁸,
2087 2940 2453 3029 ipsumque
2508 2949 2742 3029 postea

590 3200 675 3244 tus
700 3199 800 3256 est,
822 3208 929 3257 quo
951 3206 1077 3254 erga
1110 3206 1168 3242 se
1198 3192 1491 3254 discipulos
1521 3188 1856 3253 incenderat,
1879 3192 1956 3241 rei
1987 3192 2234 3254 publicae
2264 3193 2594 3252 satisfacerc;
2620 3193 2743 3242 vide

586 3264 659 3314 ad
687 3265 816 3321 Att„
845 3267 919 3321 14,
954 3266 1032 3322 21,
1058 3266 1111 3319 4;
1146 3265 1223 3324 14,
1254 3265 1333 3322 22,
1362 3265 1415 3322 1;
1444 3262 1509 3310 de
1543 3263 1690 3322 Fato,
1721 3263 1764 3318 1,
1795 3263 1842 3311 2.

652 3339 695 3384 1.
720 3335 907 3396 Epist„
937 3337 985 3390 6,
1015 3335 1113 3384 5-8.

650 3409 695 3454 2.
718 3406 823 3454 Pro
845 3403 1041 3464 Caelio,
1062 3405 1108 3464 4,
1131 3406 1208 3464 10,
1231 3417 1377 3467 sqq.;
1400 3404 1646 3465 Quintil.,
1663 3403 1726 3454 de
1745 3403 1871 3453 Inst.
1894 3407 2046 3463 orat„
2074 3407 2152 3465 12,
2177 3407 2312 3465 11,6.
2337 3404 2470 3455 Vide
2489 3404 2746 3463 Boissier‚

592 3475 695 3526 Cic.
725 3477 773 3524 et
802 3489 881 3524 ses
910 3477 1058 3531 amis,
1096 3489 1145 3535 p.
1182 3475 1399 3523 167-219.

651 3552 697 3595 3.
721 3547 961 3608 Quintil„
990 3549 1067 3604 10,
1106 3547 1150 3605 1,
1184 3547 1307 3604 1153
1342 3548 1417 3606 10,
1451 3550 1496 3605 2,
1524 3549 1604 3594 25.

651 3620 698 3666 4.
718 3617 850 3667 Vide
882 3617 1130 3677 inprimis
1161 3617 1348 3679 Epist„
1376 3618 1423 3675 8,
1458 3619 1533 3666 16.

654 3693 699 3738 5.
740 3688 837 3736 Pro
869 3684 1064 3747 Caelio,
1101 3689 1177 3747 32,
1208 3689 1378 3736 ἼἸ-ΒΟ.

653 3761 699 3808 6.
730 3757 879 3810 Ahhe
905 3757 1181 3817 Fraguier,
1204 3755 1513 3806 Becherches
1540 3771 1636 3806 sur
1667 3757 1720 3805 la
1761 3757 1840 3806 vie
1883 3758 1949 3808 de
1988 3758 2045 3818 Q.
2077 3757 2284 3808 Roscius
2311 3757 2360 3807 le
2385 3757 2669 3818 comedim,
2695 3759 2747 3807 in

589 3830 861 3882 Memoires
882 3827 951 3879 do
968 3827 1073 3877 litt.
1090 3827 1155 3876 de
1172 3827 1372 3877 C'Acad.
1400 3843 1512 3890 roy.
1535 3829 1626 3877 des
1645 3829 1806 3879 Inscr.
1834 3832 1886 3878 et
1910 3829 2320 3889 Belles-Lettres,
2342 3830 2450 3878 vol.
2472 3830 2559 3890 lv,
2583 3829 2750 3889 Paris,

596 3905 730 3963 1723,
756 3916 808 3963 p.
837 3901 945 3960 437,
975 3902 1097 3958 4563
1123 3927 1186 3935 —
1215 3901 1489 3950 Hermann
1514 3900 1646 3958 Gon,
1669 3899 1901 3948 l’Acteur·
1926 3901 2150 3957 Rosciam,
2185 3901 2240 3948 in
2273 3901 2438 3950 Revue
2471 3899 2563 3958 des
2599 3915 2751 3949 cours

591 3973 873 4022 litteraires
896 3973 960 4019 de
988 3969 1042 4019 la
1072 3970 1266 4020 France
1290 3973 1343 4019 et
1369 3969 1432 4018 de
1462 3970 1766 4033 l’e'tranqer,
1797 3974 1937 4033 1870,
1970 3985 2021 4034 p.
2057 3972 2279 4020 394-397.
2579 3964 2589 3974 ⁴

653 4047 698 4091 τ.
726 4044 788 4092 In
808 4042 876 4092 M.
898 4042 1021 4106 Ant.
1054 4040 1269 4104 Philip„
1302 4043 1377 4102 ω,
1416 4043 1494 4102 10,
1521 4045 1610 4104 223
1646 4045 1723 4102 11,
1750 4045 1798 4101 6,
1831 4044 1907 4092 13.

614 4170 619 4173 μ
656 4117 701 4162 8.
732 4116 834 4163 Pro
871 4113 1131 4173 QuinetiO,
1159 4115 1237 4173 24,
1269 4115 1347 4162 Π.
