3100 5042
1172 548 1491 612 ...59—

1282 800 1375 867 III

352 969 689 1052 Ceterum,
742 967 955 1036 libros
1011 965 1097 1037 de
1151 967 1587 1057 philosophia
1633 973 1752 1036 aut
1792 965 1877 1036 de
1925 972 2066 1035 arte
2123 967 2410 1035 oratoria

272 1085 715 1174 conscriptOS‚
762 1104 899 1173 quo
948 1083 1167 1172 magis
1213 1082 1603 1172 legentibus
1649 1082 1906 1171 accepti
1953 1088 2210 1166 essent,
2252 1101 2406 1151 ver-

272 1199 454 1269 sibus
482 1199 845 1288 permultis
868 1197 1179 1266 distinxit
1207 1204 1275 1267 et
1308 1203 1657 1288 tamquam
1687 1198 2067 1266 luminibus
2097 1199 2403 1267 ornavit:

273 1315 454 1405 quod
483 1316 870 1383 institutum
900 1319 1089 1382 tanto
1120 1312 1348 1382 studio
1385 1314 1706 1400 servavit,
1741 1319 1816 1381 ut
1844 1314 1915 1380 in
1935 1334 2117 1383 novo
2139 1332 2412 1402 quoque

271 1431 689 1500 senescentis
728 1429 1071 1498 Ciceronis
1106 1428 1287 1497 libro
1326 1413 1548 1517 major
1595 1448 1802 1517 quam
1851 1435 2050 1496 antea
2085 1448 2410 1496 versuum

268 1567 597 1615 numerus
645 1545 1068 1614 inveniretur
1096 1547 1140 1628 ¹,
1184 1544 1521 1632 multique
1577 1545 1691 1612 vel
1731 1544 1921 1626 aliaS,
1964 1544 2077 1612 vel
2116 1545 2414 1611 maxime

269 1663 336 1729 in
372 1663 790 1731 Tusculanis
819 1662 1419 1747 disputationibus
1446 1679 1688 1728 versus
1717 1659 2139 1738 afferrentur,
2165 1658 2414 1746 quibus

270 1777 349 1846 ad
416 1777 843 1866 propositum
908 1774 1417 1844 enucleandum
1471 1775 1756 1842 minime
1824 1795 1998 1861 opus
2054 1781 2257 1857 esset,
2328 1770 2415 1838 ad

270 1891 645 1960 ornandam
677 1891 1056 1959 orationem
1087 1888 1564 1958 tantummodo
1615 1890 1899 1978 scriptor
1938 1895 2264 1956 uteretur.
2300 1887 2408 1969 At,

270 2026 682 2096 quamquam
737 2005 931 2073 illum
974 2025 1239 2086 morem
1288 2026 1327 2074 a
1373 2004 1803 2094 philosophis
1835 2004 2104 2073 Graecis
2143 2008 2410 2070 mutua-

273 2122 469 2190 batur
497 2125 541 2204 ²,
586 2123 702 2210 qui
765 2128 902 2189 tam
964 2141 1167 2210 saepe
1224 2121 1295 2188 in
1363 2121 1673 2209 epistulis
1731 2141 1968 2209 graece
2034 2120 2279 2210 scripta
2333 2138 2414 2186 ex

269 2237 599 2306 memoria
637 2236 885 2319 attulit,
927 2235 1110 2304 idem
1152 2237 1223 2303 in
1271 2235 1462 2303 libris
1512 2256 1890 2324 numquam
1934 2234 2240 2303 versibus
2282 2233 2413 2300 nisi

274 2353 507 2441 lingua
561 2353 931 2421 vernacula
1002 2351 1274 2440 scriptis
1332 2372 1502 2420 usus
1569 2356 1675 2419 est
1729 2353 1788 2416 ³.
1849 2350 2058 2418 Multa
2121 2351 2327 2439 igitur
2379 2367 2420 2415 a

270 2469 488 2556 poetis
538 2467 808 2536 Graecis
855 2467 949 2534 ita
996 2472 1308 2535 accurate
1368 2465 1814 2534 transferebat
1861 2473 1934 2533 ut
1978 2465 2151 2533 nihil
2187 2472 2418 2554 posset

268 2602 501 2672 supra,
544 2583 773 2670 itaque
816 2581 1106 2651 feliciter
1143 2589 1238 2664 ut,
1276 2583 1587 2650 Herculis
1623 2586 1692 2650 et
1720 2580 2105 2649 Promethei
2136 2587 2416 2667 questus

269 2698 683 2786 exprimens,
727 2703 1041 2766 auctores
1089 2696 1492 2785 Sophoclem
1535 2701 1603 2764 et
1647 2695 2063 2784 Aeschylum
2109 2694 2417 2783 proxime

272 2818 702 2900 sequeretur,
758 2817 876 2880 aut
929 2812 1013 2881 iis
1059 2811 1494 2880 antecelleret
1521 2813 1566 2878 ⁴.
1623 2812 1866 2900 Atque,
1920 2831 2102 2895 cum,
2147 2830 2234 2878 ne
2282 2831 2417 2899 quo

268 2934 674 2996 ornamento
740 2929 814 2995 in
881 2928 1017 2996 hoc
1078 2948 1328 3016 genere
1387 2928 1875 3016 disputationis
1935 2927 2146 2995 latina
2205 2925 2419 2993 oratio

268 3049 548 3128 careret,
589 3044 982 3126 eniteretur,
1006 3044 1476 3112 testimonium
1512 3043 1719 3110 simul
1749 3042 2004 3130 ingenii
2036 3041 2141 3108 sui
2178 3038 2411 3125 dabat3

266 3158 649 3248 eodemque
694 3159 981 3227 consilio
1031 3159 1367 3227 nonnulla
1413 3178 1451 3226 e
1494 3157 1789 3246 propriis
1828 3161 2142 3244 excerpta
2173 3154 2418 3222 carmi-

266 3274 473 3342 nibus
520 3273 855 3342 referebat
880 3277 926 3342 ⁸.
975 3275 1234 3342 Patriae
1279 3294 1445 3343 vero
1487 3278 1563 3340 ut
1595 3277 1745 3340 erat
1779 3291 2041 3354 amans,
2085 3268 2414 3359 quemad-

329 3481 375 3527 1.
403 3476 593 3539 Kubik,
621 3478 686 3527 de
717 3477 789 3526 Μ.
822 3476 925 3528 Cic.
953 3480 1091 3541 poet.
1123 3478 1219 3528 lat.
1249 3480 1336 3539 st„
1368 3491 1419 3540 p.
1452 3479 1563 3526 242.

327 3551 377 3598 2.
414 3546 559 3597 Tuse.
590 3546 747 3612 disp„
771 3550 816 3607 2,
850 3551 926 3610 11,
958 3551 1035 3598 26.
1062 3575 1123 3585 -
1150 3549 1226 3600 ct.
1260 3548 1606 3608 Thiaucourt‚
1639 3560 1688 3607 p.
1721 3547 1826 3596 120.

331 3620 379 3668 3.
407 3619 673 3677 Quantam
693 3620 747 3668 in
771 3619 1146 3670 difficultatem
1164 3633 1250 3669 res
1276 3619 1593 3679 incurreret,
1613 3618 1792 3669 Cicero
1818 3618 1932 3680 ipse
1953 3619 2128 3682 aperit
2163 3633 2174 3666 ε
2204 3638 2224 3659 α
2246 3618 2422 3682 Vulgo

273 3688 492 3750 dicitur,
537 3689 812 3752 inquit...;
850 3703 949 3740 nec
992 3691 1131 3740 male
1178 3689 1465 3752 Euripides
1502 3689 1859 3753 (concludam,
1903 3688 1948 3738 si
1991 3693 2198 3751 potero,
2232 3688 2421 3748 latine;

276 3773 523 3822 graecum
548 3760 690 3810 enim
720 3761 866 3810 hunc
894 3773 1105 3811 versum
1133 3760 1306 3810 nostis
1338 3760 1545 3822 omnes)
1569 3775 1582 3810 :

398 3830 587 3880 Suavis
615 3830 857 3881 laborum
892 3835 973 3881 est
1003 3831 1417 3893 praeteritorum
1450 3832 1712 3881 memoria
1734 3849 1780 3892 ι»,
1811 3832 1877 3880 de
1906 3831 2042 3892 Fin„
2073 3833 2122 3891 2,
2148 3831 2226 3890 32,
2255 3830 2361 3878 105.

333 3904 382 3950 4.
417 3903 558 3951 Tusc.
592 3901 748 3964 disp„
787 3904 832 3964 2,
869 3904 1001 3951 8-10.
1040 3930 1103 3938 -
1130 3902 1209 3952 Cf.
1241 3902 1495 3964 Boissier‚
1536 3902 1729 3960 Attius,
1763 3917 1814 3964 p.
1849 3904 2006 3961 33-34,
2033 3905 2086 3952 et
2115 3901 2331 3964 Faguet‚
2363 3900 2426 3949 de

276 3973 419 4021 Poet.
449 3973 519 4022 M.
552 3973 604 4021 T.
631 3971 734 4022 Cic.
769 3974 893 4034 fac„
928 3988 979 4034 p.
1010 3973 1087 4023 83.

338 4043 382 4092 5.
411 4042 613 4094 Versus
642 4057 672 4092 e
689 4042 859 4092 Mario
880 4043 1119 4108 excerpti
1145 4045 1455 4095 referuntur
1484 4045 1539 4095 in
1569 4045 1635 4094 de
1651 4044 1789 4102 Div„
1813 4047 1856 4106 1,
1881 4046 1961 4106 47,
1988 4045 2095 4092 106.
2118 4043 2176 4091 In
2197 4042 2262 4091 de
2285 4041 2422 4102 Div„

286 4114 329 4173 1,
363 4114 527 4175 11-13,
560 4114 816 4178 leguntur
847 4127 1033 4165 versus
1073 4138 1093 4157 α
1120 4129 1256 4178 quos
1286 4115 1341 4164 in
1372 4116 1611 4167 secundo
1642 4115 1708 4167 de
1737 4116 2019 4164 consulatu
2047 4114 2246 4163 Urania
2274 4111 2426 4162 Musa

274 4184 659 4246 pronuntiabat
684 4201 729 4234 n.
