3100 5042
1612 475 1935 541 ...12-

681 609 950 697 laudat3
993 629 1123 678 nec
1165 615 1305 678 tam
1345 609 1701 680 Platonem
1744 609 1931 700 quod
1970 631 2154 680 unus
2193 610 2505 679 omnium
2545 611 2915 701 philoso-

684 727 978 818 phorum
1034 725 1530 795 occultissimas
1576 746 1686 796 res
1728 733 2068 796 scrutatus
2114 727 2203 796 sit
2250 725 2629 816 callideque
2676 747 2901 818 ape-

681 843 918 926 ruerit,
945 863 1152 930 quam
1181 841 1366 932 quod
1395 844 1602 931 longe
1632 843 1973 928 omnium,
2000 842 2415 932 quicumque
2446 843 2903 932 scripserint

683 960 802 1024 aut
846 954 1056 1023 locuti
1105 953 1266 1040 sint,
1303 955 1625 1044 princeps
1670 959 1738 1022 et
1774 953 2111 1023 suavitate
2154 959 2222 1023 et
2270 954 2599 1042 gravitate
2636 955 2901 1023 exsti-

687 1072 844 1142 terit
868 1074 885 1107 ¹

1729 1396 1789 1463 II

771 1590 1041 1660 Litteris
1070 1610 1233 1682 ergo
1273 1591 1359 1662 Μ.
1395 1591 1683 1675 Tullius,
1720 1598 1790 1660 et
1819 1589 2005 1680 quod
2037 1591 2401 1661 utilitatem
2441 1589 2875 1680 praeberent

682 1725 1027 1796 magnam,
1063 1713 1130 1775 et
1176 1703 1362 1796 quod
1406 1706 1535 1795 ipsi
1586 1726 1708 1795 per
1754 1726 1827 1775 se
1869 1705 2220 1794 jucundae
2267 1712 2520 1788 essent,
2565 1726 2871 1795 operam

683 1820 911 1906 dedit;
945 1843 1072 1891 nec
1107 1821 1506 1912 putabimus
1536 1821 1931 1890 Ciceronem
1963 1822 2081 1890 illo
2123 1822 2350 1906 unice,
2386 1822 2671 1890 minime
2712 1822 2867 1890 hoc

681 1945 1033 2008 momento
1081 1938 1460 2026 impulsum
1516 1956 1694 2006 esse.
1740 1935 1911 2006 Vide
1987 1938 2197 2023 enim,
2260 1958 2417 2006 cum
2478 1938 2697 2006 otium
2758 1939 2864 2007 sit

683 2075 978 2141 cumque
1043 2073 1165 2141 per
1233 2053 1443 2121 festos
1510 2053 1657 2122 dies
1721 2053 2171 2123 celeberrimo
2237 2060 2584 2123 conventu
2658 2054 2859 2123 ludis

681 2170 1002 2238 intersint
1031 2188 1296 2250 omneS,
1338 2168 1503 2257 quid
1541 2169 1627 2236 M.
1662 2168 1923 2238 Tullius
1966 2175 2144 2258 agat.
2180 2169 2448 2239 Scilicet
2483 2172 2555 2237 in
2584 2171 2855 2238 Tuscu-

680 2286 916 2353 lanum
945 2285 1271 2374 confugit,
1302 2291 1378 2352 ut
1410 2284 1667 2374 aliquid
1710 2283 2084 2353 meditandi
2112 2290 2229 2353 aut
2260 2284 2606 2354 scribendi
2638 2305 2855 2354 causa

683 2403 978 2490 Lyceum
1027 2408 1096 2469 et
1146 2398 1584 2469 Academiam
1634 2401 1883 2469 revisat
1922 2401 2031 2488 (ea
2076 2401 2263 2469 enim
2311 2400 2585 2470 duobus
2631 2402 2845 2471 villae

681 2519 848 2586 locis
932 2519 1214 2586 nomina
1288 2517 1744 2606 imposuerat,
1810 2536 1850 2584 a
1917 2517 2494 2606 philosophorum
2580 2518 2847 2587 scholis

679 2632 1139 2723 mutuatus²);
1190 2638 1308 2700 aut
1352 2632 1426 2698 in
1482 2633 1736 2699 Antiati
1794 2653 1919 2700 suo
1972 2632 2184 2701 libros
2244 2633 2404 2703 illos
2458 2633 2531 2702 in
2588 2632 2849 2702 biblio-

678 2748 874 2817 theca
903 2745 1155 2816 sedens
1183 2747 1462 2827 evolvit,
1489 2766 1664 2835 quos
1692 2767 1846 2815 cum
1872 2748 2069 2816 Attici
2101 2747 2467 2817 librariolis
2495 2749 2841 2837 Tyrannio

679 2862 1064 2954 glutinavit,
1131 2860 1492 2949 disposuit,
1556 2860 2029 2950 designatione
2084 2862 2367 2932 mirifica
2421 2862 2834 2934 decoravit³.

681 3007 712 3043 «
759 2980 1022 3064 Postea,
1076 2978 1321 3065 inquit,
1370 2998 1575 3067 quam
1621 2977 1965 3065 Tyrannio
2005 2979 2169 3045 mihi
2211 2978 2427 3048 libros
2472 2979 2832 3069 disposuit,

677 3117 875 3166 mens
890 3095 1122 3164 addita
1143 3095 1412 3162 videtur
1433 3093 1604 3162 meis
1622 3091 1961 3162 aedibus..
1976 3145 1991 3162 .
2006 3145 2021 3160 .
2038 3094 2224 3161 Nihil
2244 3095 2605 3164 venustius
2626 3117 2835 3184 quam

677 3215 908 3285 illa....
952 3218 1290 3303 pegmata,
1352 3219 1716 3300 postquam
1775 3209 1871 3276 mi
1938 3209 2205 3298 sillybis
2259 3210 2473 3278 libros
2535 3211 2838 3279 illustra-

677 3337 836 3400 runt
855 3332 900 3397 ⁴.
957 3356 988 3390 »
1032 3327 1248 3396 Verba
1284 3327 1498 3395 habes
1546 3326 1719 3393 acris
1760 3324 2091 3393 librorum
2122 3325 2485 3412 amatoris;
2520 3346 2650 3394 nec
2688 3328 2834 3415 jam

677 3467 851 3537 opus
891 3453 996 3513 est
1032 3462 1571 3512 commemorem
1599 3462 1807 3529 quam
1843 3440 2178 3526 insolenS,
2221 3461 2428 3537 quam
2458 3461 2497 3508 a
2525 3441 2835 3511 moribus

677 3562 821 3632 suis
884 3560 1284 3639 abhorrenS,
1350 3577 1561 3646 quam
1620 3557 1930 3645 pertinax
1997 3554 2232 3624 odium
2291 3556 2364 3623 in
2420 3557 2831 3643 Dionysium

737 3784 784 3832 1.
814 3782 984 3842 Orat„
1015 3783 1091 3842 19,
1122 3782 1201 3829 62.
1227 3780 1301 3830 Cf.
1332 3779 1385 3828 C.
1416 3777 1765 3839 Thiaucourt,
1793 3777 1952 3827 Essai
1972 3792 2064 3827 sui·
2090 3777 2168 3826 les
2199 3777 2384 3827 traice-s·
2407 3775 2833 3842 philosophiques

675 3852 740 3903 cle
770 3853 981 3903 Cice'ron
1013 3855 1065 3901 et
1099 3851 1241 3900 leur-s
1265 3864 1476 3900 sources
1502 3863 1769 3915 9recques‚
1804 3849 1975 3908 Paria,
2006 3849 2285 3910 Hachette,
2317 3849 2457 3908 1885,
2486 3862 2539 3910 p.
2565 3851 2674 3897 331.

737 3927 784 3974 2.
814 3925 889 3974 De
913 3924 1039 3982 div„
1078 3925 1125 3982 1,
1152 3925 1196 3982 5,
1226 3923 1281 3982 83
1321 3923 1462 3971 Tusc.
1488 3921 1643 3984 disp„
1672 3923 1720 3982 2,
1751 3922 1799 3982 3,
1828 3923 1887 3983 93
1912 3919 1981 3971 al.

739 3997 785 4045 3.
816 3996 900 4045 Ad
922 3996 1054 4052 Act„
1083 3995 1128 4054 4,
1161 3995 1230 4055 41»,
1262 3995 1310 4042 1.

735 4069 782 4116 4.
813 4066 895 4114 Ad
918 4066 1046 4124 Att„
1071 4068 1115 4123 4,
1151 4065 1217 4126 8¹,
1236 4067 1282 4114 2.
1309 4092 1374 4100 —
1400 4064 1474 4114 Cf.
1509 4063 1581 4114 les
1614 4062 2058 4116 Collectiomzeurs
2077 4063 2140 4112 de
2169 4061 2457 4112 l’ancienne
2482 4061 2659 4124 Rome,
2686 4065 2832 4113 notes

672 4136 796 4187 d'un
825 4139 1068 4187 amntem·
1095 4135 1364 4200 (Edmond
1393 4134 1670 4197 Bonnam),
1701 4135 1863 4196 Paria,
1894 4133 2097 4197 Aubry‚
2129 4135 2267 4194 1867,
2294 4147 2345 4196 p.
2373 4135 2433 4183 69
2458 4146 2577 4196 sqq.
