3100 5042
1519 413 1550 430 t

1245 510 1564 576 ...19—

325 646 670 715 tissimum
699 646 752 711 ¹1
801 643 1366 713 Academicorum
1406 645 1555 733 ipse
1607 645 1733 714 etsi
1774 644 2207 734 disciplinam
2255 647 2479 717 colere

319 762 737 842 instituerat,
811 759 1116 828 Phaedro
1191 761 1520 850 Epicureo
1587 761 1761 828 nihil
1820 762 2234 850 elegantiuS,
2305 764 2479 831 nihil

322 877 695 946 humanius
751 895 904 944 esse
940 874 1294 964 judicavit,
1342 882 1410 944 et
1450 895 1613 944 eum
1660 876 1716 944 si
1774 877 2003 945 minus
2051 882 2125 945 ut
2171 878 2479 968 philoso-

325 993 570 1082 phum,
613 993 856 1060 saltem
905 997 980 1059 ut
1040 992 1262 1061 virum
1314 991 1577 1059 bonum
1634 997 1702 1060 et
1756 1012 2041 1061 suavem
2102 1002 2169 1061 et
2222 993 2483 1062 officio-

325 1129 480 1177 sum
526 1127 745 1195 usque
785 1107 1096 1197 probavit
1123 1109 1175 1173 ².
1219 1107 1661 1192 Antiochum,
1703 1109 1821 1197 qui
1867 1109 1938 1176 in
1977 1114 2282 1178 veterem
2319 1112 2485 1178 Aca-

326 1223 624 1293 demiam
681 1243 718 1291 e
779 1243 958 1293 nova
1021 1223 1531 1311 remigraverat,
1580 1222 2091 1293 nobilissimum
2137 1231 2367 1294 tamen
2416 1230 2484 1294 et

328 1339 940 1430 prudentissimum
1000 1338 1518 1427 philosophum,
1572 1339 1926 1407 hominem
1982 1346 2225 1408 natura
2272 1341 2484 1410 lenis-

328 1458 609 1539 simum,
653 1454 1020 1543 appellavit
1046 1457 1100 1540 ⁸3
1137 1453 1428 1522 stoicum
1465 1453 1767 1542 denique
1805 1455 2202 1542 Diodotum,
2236 1479 2371 1546 quo
2410 1457 2483 1523 in

327 1571 696 1640 dialecticis
735 1576 1168 1659 praeceptore
1206 1590 1374 1638 usus
1411 1576 1577 1656 erat,
1628 1589 1904 1638 caecum
1952 1572 2128 1660 apud
2176 1592 2249 1640 se
2295 1572 2483 1641 domi

326 1687 585 1755 multos
611 1705 834 1753 annos
865 1685 1126 1769 hahuit,
1163 1704 1370 1773 quare
1399 1683 1482 1751 ab
1511 1684 1796 1753 homine
1826 1691 2015 1774 grato
2057 1687 2349 1774 scriptus
2382 1693 2488 1754 est

326 1803 528 1870 heres
554 1802 600 1869 ⁴.
645 1803 998 1869 Praeterea
1044 1820 1187 1868 non
1225 1805 1444 1868 certos
1486 1801 1713 1869 solum
1744 1801 2057 1882 GraecOS,
2102 1801 2226 1870 sed
2265 1803 2486 1891 ipsam

327 1916 700 2001 Graeciam,
771 1936 900 1984 nec
963 1920 1182 1984 certos
1238 1915 1465 1984 solum
1528 1914 2018 2001 Athenienses,
2080 1915 2202 1984 sed
2267 1917 2487 2005 ipsam

328 2031 567 2102 urbem
602 2058 634 2093 «
667 2031 784 2098 ubi
816 2036 975 2099 nata
1009 2037 1077 2099 et
1113 2031 1248 2098 alta
1286 2035 1429 2100 erat
1457 2031 1626 2099 ratio
1656 2051 1735 2100 ac
1772 2031 2145 2101 moderatio
2186 2033 2367 2101 vitae
2395 2035 2417 2068 ⁸
2448 2059 2482 2094 »

329 2146 558 2218 studio
598 2145 1195 2235 complectebatur.

417 2263 676 2352 Quippe
722 2260 851 2329 sihi
889 2261 1203 2330 conscius
1232 2261 1580 2330 exstiterat
1618 2263 1876 2347 cicere,
1916 2283 1996 2332 ea
2028 2283 2203 2351 quae
2244 2282 2489 2332 conse-

327 2385 526 2447 cutus
567 2387 748 2446 esset
787 2377 868 2445 iis
907 2397 980 2445 se
1023 2376 1267 2445 studiis
1315 2382 1382 2446 et
1409 2378 1673 2445 artibus
1722 2397 1874 2446 esse
1917 2377 2270 2466 adeptum,
2314 2399 2486 2466 quae

326 2500 558 2563 essent
625 2493 1035 2562 Graecorum
1099 2493 1567 2561 monumentis
1646 2492 2165 2582 disciplinisque
2248 2495 2487 2562 ceteris

327 2609 724 2678 hominibus
763 2607 1008 2677 tradita
1034 2610 1092 2691 ⁶3
1127 2609 1430 2696 itemque
1460 2629 1559 2690 se,
1596 2609 1921 2697 quicquid
1960 2609 2047 2678 ad
2085 2629 2231 2678 rem
2264 2609 2485 2698 publi-

326 2747 476 2794 cam
514 2725 806 2808 afferret,
840 2743 879 2790 a
911 2723 1304 2793 doctoribus
1333 2724 1749 2793 instructum
1778 2723 1863 2792 ad
1896 2745 2048 2793 eam
2078 2731 2144 2794 et
2170 2733 2486 2794 ornatum

324 2841 716 2910 accessisse.
770 2840 893 2917 Qui
945 2839 1150 2927 igitur
1201 2840 1346 2908 fieri
1395 2841 1755 2929 potuisset,
1806 2848 1879 2909 ut
1920 2861 1959 2908 a
2001 2842 2248 2930 quihus
2306 2847 2488 2910 esset

325 2959 470 3047 ipse
527 2954 834 3025 eruditus
890 2976 1032 3024 non
1089 2955 1480 3024 observaret
1540 2955 2027 3045 diligeretque,
2085 2959 2485 3045 praesertim

327 3093 481 3141 cum
513 3092 754 3140 omnes
783 3071 1197 3160 quicumque
1227 3070 1312 3140 de
1343 3090 1416 3139 se
1447 3071 1670 3138 meriti
1702 3077 1931 3156 essent
1960 3071 2169 3139 homo
2202 3071 2484 3140 minime

325 3190 633 3278 ingratus
679 3186 1072 3272 defendere,
1119 3186 1319 3270 tueri,
1354 3185 1675 3254 adamare
1728 3187 2019 3254 soleret?
2054 3186 2229 3264 Quid
2272 3186 2481 3276 quod,

327 3325 481 3372 cum
512 3303 879 3371 Diodotum
908 3302 1094 3372 domi
1129 3322 1293 3371 suae
1320 3301 1626 3387 haberet,
1665 3301 1964 3391 speciem
1994 3302 2272 3392 gerebat
2304 3305 2483 3392 opti-

326 3425 584 3486 matum
635 3420 912 3487 illorum
962 3438 1136 3506 quos
1164 3417 1559 3507 philosophi
1598 3418 1707 3486 sui
1745 3423 1863 3486 aut
1897 3425 2159 3508 poetae,
2208 3421 2484 3490 natione

383 3732 434 3779 1.
470 3730 636 3786 Brut„
671 3733 748 3792 56,
783 3731 894 3779 205.
925 3757 984 3768 -
1021 3729 1096 3779 Cf.
1127 3728 1341 3792 Jullien,
1374 3728 1446 3780 les
1483 3729 1813 3792 Professeurs
1860 3730 1924 3779 de
1958 3729 2087 3791 litt„
2118 3744 2170 3793 p.
2212 3733 2385 3791 91-92;
2428 3734 2482 3780 et

324 3801 516 3862 Rubik,
547 3800 620 3850 De
646 3802 713 3850 M.
750 3803 801 3851 Τ.
840 3801 946 3850 Cic.
973 3804 1112 3864 poet.
1146 3801 1240 3850 lat.
1261 3802 1348 3861 st„
1386 3815 1436 3863 p.
1468 3803 1579 3849 245.

386 3875 431 3922 2.
464 3872 538 3921 De
571 3876 682 3920 nat.
703 3871 866 3933 deor„
897 3874 945 3934 1,
976 3874 1056 3934 33,
1088 3873 1175 3932 933
1197 3872 1384 3935 Epist„
1407 3872 1485 3932 13,
1519 3874 1565 3932 1,
1596 3875 1639 3920 2.

385 3945 433 3992 3.
463 3943 641 4002 Aeaci„
674 3947 717 4000 1,
747 3945 793 4004 4,
825 3946 915 4004 13;
947 3944 1117 4005 Brut„
1146 3946 1228 4003 91,
1257 3945 1377 4002 3153
1405 3943 1588 4003 Acad.,
1614 3946 1662 4007 2,
1693 3945 1741 4006 4,
1772 3945 1851 3994 11.

386 4018 431 4066 4.
462 4016 602 4064 Tusc.
624 4015 778 4079 disp„
805 4017 852 4074 5,
883 4016 962 4076 39,
995 4018 1110 4078 1133
1140 4015 1213 4064 ad
1234 4015 1367 4076 Act„
1398 4017 1444 4077 2,
1477 4017 1555 4076 20,
1586 4017 1635 4065 6.
1665 4042 1725 4052 -
1760 4015 1836 4065 cf.
1868 4015 2054 4074 Acad„
2087 4017 2135 4078 2,
2166 4015 2244 4076 36,
2278 4015 2384 4064 115.

383 4091 431 4138 5.
456 4087 645 4150 Epist„
675 4087 722 4147 6,
754 4088 800 4147 1,
831 4089 878 4135 6.
1340 4119 1356 4132 .

384 4163 432 4208 6.
461 4158 545 4207 Aa
575 4157 634 4217 Q.
662 4158 757 4221 fr„
792 4159 837 4221 1,
867 4159 914 4216 1,
945 4160 993 4218 9,
1020 4160 1097 4208 28.
