3100 5042
1500 531 1582 541 -..
1624 493 1826 558 54..

603 639 748 700 arte
784 650 964 699 nova
1002 635 1359 718 praecepta
1397 627 1631 698 ederet
1677 627 2044 710 revocavit,
2089 632 2159 696 et
2197 627 2282 695 de
2335 625 2756 714 temporibus

607 749 775 833 suiS,
809 767 898 816 ne
928 748 1210 816 omnino
1240 747 1312 815 in
1349 747 1698 816 oblivione
1729 748 2049 836 egregius
2076 745 2244 816 civis
2281 755 2350 815 et
2379 746 2757 814 consularis

601 865 878 953 jaceret,
904 862 1164 951 grande
1184 882 1458 931 carmen
1490 860 1822 948 condidit,
1847 867 1940 946 et,
1965 881 2093 930 are
2112 861 2386 950 publica
2405 861 2752 942 exclusuS,

605 979 829 1046 fictam
892 978 1239 1066 omnique,
1292 983 1369 1046 ut
1431 977 1872 1066 opinabatur,
1933 983 2123 1066 parte
2179 976 2545 1065 perfectam
2597 975 2755 1044 des-

605 1095 837 1184 cripsit
875 1114 1022 1162 rem
1062 1093 1431 1184 publicam,
1465 1095 1662 1184 cujus
1701 1094 2119 1161 simillimam
2161 1112 2313 1162 esse
2355 1091 2755 1160 labefactam

604 1234 685 1283 ac
712 1234 923 1303 prope
953 1233 1263 1283 eversam
1294 1234 1650 1282 romanam
1686 1214 2053 1295 civitatem,
2086 1214 2306 1280 ironia
2324 1217 2552 1296 utenS,
2577 1213 2754 1282 salse

604 1336 871 1405 dicebat
907 1338 948 1402 ¹.
994 1336 1326 1425 Denique,
1370 1357 1525 1404 cum
1578 1335 1666 1404 ad
1703 1335 2313 1404 administrandam
2352 1336 2650 1404 Ciliciam
2690 1341 2758 1404 et

602 1451 689 1520 ad
742 1449 1143 1535 sedandam,
1197 1452 1253 1518 si
1300 1450 1524 1520 sedari
1575 1456 1829 1540 posset,
1867 1451 2132 1519 civilem
2187 1451 2364 1519 inter
2400 1451 2755 1520 Caesarem

602 1572 671 1634 et
736 1566 1137 1655 Pompeium
1202 1565 1611 1634 discordiam
1678 1567 1939 1655 aliquot
2011 1587 2232 1635 annos
2289 1566 2692 1635 contulisset
2731 1621 2749 1651 ,

600 1687 929 1771 regnante
1011 1682 1293 1750 Caesare
1359 1686 1460 1768 et,
1522 1688 1676 1772 post
1733 1683 2033 1751 Caesaris
2098 1702 2373 1767 necem,
2435 1682 2752 1772 prostrati

602 1796 943 1865 dictatoris
972 1799 1317 1886 stipatore,
1352 1796 1438 1865 de
1470 1799 1756 1866 oratoris
1786 1804 1926 1866 arte
1957 1799 2329 1867 novissima
2357 1797 2749 1882 edisseruit,

599 1912 965 2000 latinisque
1003 1914 1240 1980 litteris
1280 1912 1786 2002 philosophiam
1826 1915 2121 1982 instituit
2157 1914 2524 1984 illustrare.

693 2027 867 2104 Quid
926 2029 1111 2094 enim
1151 2026 1337 2095 aliud
1382 2028 1658 2110 faceret,
1711 2049 1867 2096 cum
1924 2049 1963 2097 a
2021 2051 2093 2099 re
2142 2031 2414 2120 publica
2457 2031 2751 2101 forensi-

601 2141 866 2228 busque
918 2142 1208 2230 negotiis
1268 2143 1336 2212 vi
1390 2143 1888 2231 prohiberetur,
1941 2166 2165 2234 neque
2223 2152 2406 2216 esset
2459 2167 2750 2236 usquam

606 2256 894 2325 consilio
926 2263 1043 2324 aut
1070 2258 1445 2326 auctoritati
1477 2257 1736 2329 decus?
1764 2258 2094 2333 Πολιτείας
2123 2282 2395 2350 semper
2422 2267 2490 2330 et
2520 2264 2750 2332 nescio

610 2372 773 2462 quid
804 2370 1337 2474 συμὸουλςυτικόν
1367 2380 1482 2442 aut
1522 2373 1987 2466 Ἠρακλείδειον
2017 2379 2335 2466 cogitanti
2365 2381 2386 2413 ²
2415 2378 2584 2445 nihil
2618 2379 2751 2446 nisi
2835 2459 2846 2470 .

601 2487 921 2556 Catonem
954 2493 1071 2554 aut
1100 2489 1403 2557 Porciam
1433 2489 1714 2559 laudare
1742 2498 1819 2559 ut
1848 2513 1922 2561 se
1951 2513 2076 2580 pro
2115 2493 2261 2561 cive
2291 2499 2558 2582 gereret
2584 2514 2748 2561 con-

606 2598 1004 2688 cedebatur3
1066 2603 1369 2692 pristinis
1429 2605 1636 2693 igitur
1691 2605 1968 2675 orbatus
2017 2607 2437 2691 muneribus,
2489 2628 2749 2676 novum

600 2736 855 2783 munus
899 2718 1235 2786 sustinere
1274 2718 1578 2788 decrevit
1615 2728 1706 2805 et,
1742 2723 1798 2790 si
1834 2723 2064 2791 minus
2102 2725 2172 2790 in
2216 2723 2411 2791 Curia
2446 2729 2649 2812 atque
2678 2725 2747 2791 in

599 2831 769 2916 som,
818 2839 887 2900 at
939 2833 1010 2900 in
1064 2832 1254 2902 libris
1300 2837 1713 2903 sententiam
1752 2838 2001 2923 dicere,
2049 2840 2448 2921 contionari,
2501 2839 2750 2928 guber·
2789 2920 2795 2925 ,

600 2967 764 3023 nare
814 2969 957 3016 rem
1000 2948 1369 3037 publicam.
1407 2951 1918 3042 Philosophiam
1960 2954 2086 3022 sibi
2135 2975 2258 3045 pro
2302 2955 2396 3024 rei
2437 2955 2748 3043 publicae

596 3065 1071 3152 procuratione
1114 3066 1551 3136 substitutam
1610 3089 1767 3136 cum
1819 3077 2088 3158 putaret
2123 3073 2168 3154 ³,
2213 3092 2360 3140 rem
2404 3069 2749 3163 publicam

600 3188 825 3246 tamen
856 3182 998 3249 no'n
1028 3183 1503 3270 praetermisit,
1539 3185 1737 3273 cujus
1764 3185 2071 3254 studium
2113 3188 2317 3255 simul
2360 3209 2515 3257 cum
2555 3192 2746 3278 regni

598 3292 756 3361 odio
795 3296 866 3361 in
905 3297 1154 3364 animis
1193 3297 1465 3366 fovebat
1478 3320 1497 3382 ;
1533 3305 1600 3367 et
1642 3300 1826 3370 cives
1861 3301 1945 3371 de
1987 3303 2492 3372 contemnenda
2529 3310 2746 3375 morte

602 3405 961 3496 disputans
1009 3406 1538 3497 confirmavit&
1594 3420 1662 3484 et
1710 3414 1794 3484 de
1830 3417 2072 3486 officiis
2116 3419 2355 3506 multa,
2398 3425 2475 3488 ut
2520 3441 2748 3490 mores

599 3523 887 3592 civitatis
926 3525 1225 3614 perditos
1263 3529 1670 3616 restitueret,
1707 3533 2108 3623 conscripsit
2137 3536 2184 3619 ⁵,
2216 3535 2286 3602 in
2319 3535 2569 3625 quibus
2597 3557 2746 3607 sae·-

658 3778 974 3839 1.AdAtt.,
1006 3783 1052 3841 4,
1083 3784 1235 3843 19,.1

595 3852 926 3982 2‚26,EPist·’
957 3816 1419 3918 9‚{,5;.‚adAtt
1455 3859 1532 3918 12,
1568 3860 1732 3920 40,;2
1771 3861 2332 3924 15,4,3315„;133
2367 3810 2740 3934 15,27,2;,16

658 3998 701 4043 3.
737 3994 814 4043 De
841 3994 965 4055 div„
996 3995 1040 4053 2,
1074 3997 1120 4056 2,
1147 3998 1194 4044 ’7.

656 4069 701 4115 4.
732 4066 819 4115 Ad
835 4066 972 4127 ΑΜ,
992 4069 1071 4128 15,
1106 4069 1152 4127 2,
1184 4070 1237 4128 4;
1270 4071 1345 4130 15,
1372 4071 1418 4130 4,
1445 4072 1473 4119 2
1507 4075 1561 4120 et
1590 4073 1634 4120 3.

657 4140 701 4187 ὅ.
732 4136 867 4188 Vide
897 4151 1035 4201 quae
1068 4138 1345 4201 disputent
1369 4140 1611 4203 Jeannel,
1639 4141 1776 4192 Unde
1803 4143 2125 4196 hauriantur
2149 4149 2199 4196 et
2223 4147 2475 4212 quomodo
2500 4149 2749 4199 sancian-
