3100 5042
1168 1484 1700 1560 GONGLUSIO

444 1880 530 1946 M.
566 1880 867 1948 Tullium
908 1901 947 1948 a
987 1887 1229 1948 natura
1265 1881 1358 1948 ita
1389 1879 1832 1949 informatum
1862 1880 2072 1950 fuisse
2111 1875 2398 1968 constat,
2435 1891 2508 1952 ut

354 1996 647 2084 optimas
712 1996 1028 2065 adamare
1085 2003 1289 2082 arteS‚
1351 2002 1442 2080 et,
1505 1996 1829 2087 quicquid
1895 1997 1966 2063 in
2025 1997 2265 2065 litteris
2329 2004 2510 2067 esset

353 2109 658 2195 adortus,
719 2132 864 2180 rem
930 2133 1015 2182 ex
1082 2111 1421 2181 sententia
1484 2133 1721 2202 gerere
1785 2120 2036 2201 posset.
2101 2114 2507 2182 Litterarum

356 2226 559 2315 igitur
595 2235 858 2296 amator
895 2249 934 2296 a
979 2249 1191 2319 puero
1239 2229 1518 2315 exstitit,
1555 2228 1898 2316 simulque
1936 2231 2005 2296 in
2047 2229 2503 2318 philosophia,

356 2341 426 2408 in
468 2342 773 2426 historia,
807 2345 879 2410 in
911 2343 1063 2412 aliis
1100 2343 1357 2411 artibus
1390 2344 1652 2426 multiS,
1702 2344 1988 2412 feliciter
2024 2351 2128 2412 est
2171 2352 2503 2428 versatu&

354 2462 446 2543 et,
497 2478 654 2526 cum
704 2458 789 2527 ad
839 2479 943 2544 ea,
996 2479 1468 2547 quaecumque
1522 2459 1875 2548 elegisset,
1919 2458 2301 2528 luculenter
2345 2461 2508 2528 scri-

354 2570 581 2640 benda
636 2580 818 2642 esset
880 2573 1206 2658 idoneuS‚
1270 2573 1448 2641 hanc
1524 2581 1705 2641 certe
1770 2573 1911 2643 vim
1969 2573 2236 2656 habuit,
2300 2581 2376 2642 ut
2438 2577 2508 2643 in

355 2687 922 2778 philosophorum
954 2689 1375 2779 gravissimis
1406 2696 1471 2757 et
1516 2690 1585 2756 in
1627 2689 2061 2759 historiarum
2103 2692 2507 2781 scriptorum

354 2803 809 2873 ornatissimis
847 2811 916 2872 et
948 2805 1017 2871 in
1056 2805 1343 2872 aliarum
1374 2807 1621 2872 artium
1663 2813 2019 2874 auctorum
2064 2806 2509 2875 nobilissimis

355 2918 499 3006 ipse
536 2918 902 3006 aliquando
942 2927 1533 2990 annumeraretur.

443 3033 728 3104 Litteras
773 3057 937 3105 vero
998 3035 1320 3105 colendas
1369 3035 1830 3125 adipiscendis
1882 3035 2389 3125 magistratibus
2445 3043 2510 3104 et

353 3148 691 3236 gerendae
723 3151 818 3219 rei
848 3151 1160 3240 publicae
1209 3151 1628 3241 posthabuit.
1675 3152 1841 3218 Cum
1881 3151 2064 3218 enim
2101 3148 2322 3218 laudis
2364 3151 2507 3217 avi-

356 3263 681 3334 dissimus
711 3272 889 3334 esset
921 3266 1465 3356 industriamque
1505 3286 1701 3335 suam
1744 3267 1995 3334 Romae
2040 3267 2378 3334 illustrare
2418 3267 2509 3333 ita

351 3386 652 3468 cuperet,
699 3389 771 3448 ut
823 3382 892 3448 in
943 3382 1139 3449 Urbis
1194 3382 1347 3451 luce
1403 3383 1640 3451 vivere
1683 3383 1901 3450 solam
1947 3382 2184 3461 vitam,
2228 3402 2503 3450 omnem

355 3496 968 3584 peregrinationem
1009 3495 1369 3565 obscuram
1412 3517 1564 3565 esse
1603 3503 1670 3565 et
1708 3495 2054 3564 sordidam
2077 3495 2419 3584 judicaret
2449 3502 2500 3580 ¹3

350 3631 509 3678 cum
540 3617 885 3699 praeterea
914 3632 1056 3699 eos,
1087 3613 1202 3700 qui
1233 3612 1549 3681 habenta
1579 3619 1821 3680 natura
1849 3611 2248 3701 adjumenta
2276 3632 2502 3681 rerum

316 3709 829 3814 gerendarum,
858 3748 1019 3794 cura
1047 3727 1144 3794 rei
1170 3727 1486 3815 publicae
1504 3729 1724 3796 teneri
1757 3727 2234 3815 civitatemque
2268 3746 2502 3815 regere

348 3861 647 3931 aequum
684 3864 833 3912 esse
880 3850 1188 3914 censeret
1224 3846 1269 3930 ²,
1314 3865 1524 3912 unam
1567 3845 1699 3912 acri
1739 3843 1970 3911 animo
2011 3844 2363 3932 ingressus
2402 3849 2506 3910 est

418 4108 462 4154 1.
491 4105 682 4169 Epist„
712 4108 759 4169 2,
796 4109 870 4167 12,
902 4109 931 4156 2
961 4107 1049 4171 (ad
1080 4107 1319 4170 Rufum).
1411 4156 1415 4164 ,

418 4177 465 4226 2.
493 4177 567 4225 De
596 4178 711 4242 off„
736 4179 780 4238 1,
817 4179 898 4238 21,
927 4180 1008 4232 72.
