3100 5042
1221 526 1542 589 ...33-

295 659 452 745 ipse
508 657 824 746 egregius
870 658 1210 728 Ciceronis
1261 665 1520 730 Catone
1565 663 1963 751 saepissime
2010 665 2303 755 legendo
2345 668 2455 737 di-

297 780 502 846 cebat
540 795 616 843 se
655 775 1106 864 copiosiorem
1146 775 1398 844 factum
1426 781 1478 864 ¹3
1514 787 1908 866 poematum
1944 782 2091 870 ipse
2131 785 2457 874 scriptor²

295 892 655 962 Ciceronis
683 910 928 979 poema
954 889 1303 979 quoddam
1333 893 1430 960 sic
1462 892 1815 981 probabat,
1852 901 1928 962 ut
1957 906 2236 984 negaret
2265 919 2339 968 se
2368 921 2455 970 ne

297 1008 562 1076 Graeca
609 1006 887 1095 quidem
930 1007 1178 1095 legisse
1227 1009 1575 1095 meliora³;
1626 1009 2005 1097 perfacetus
2058 1012 2203 1102 ipse
2249 1013 2459 1085 homo

298 1123 655 1192 Ciceronis
694 1120 1137 1216 ἀποφθέγματα
1174 1123 1559 1211 colligebat,
1596 1132 1685 1208 et,
1728 1127 1785 1194 si
1828 1127 2012 1216 quod
2054 1130 2459 1201 afferebatur

297 1238 390 1307 ad
432 1259 508 1307 se
542 1258 662 1327 pro
699 1238 1034 1320 Tulliano,
1065 1236 1252 1326 quod
1292 1239 1678 1308 Tullianum
1720 1261 1858 1310 non
1898 1250 2100 1328 esset,
2138 1265 2274 1334 quo
2314 1253 2459 1315 erat

293 1353 566 1443 judicio
597 1353 876 1441 peracri,
911 1351 1254 1441 rejiciebat
1288 1355 1342 1438 ⁴3
1379 1353 1633 1422 librum
1670 1355 1966 1447 denique
1998 1361 2083 1426 de
2112 1361 2462 1451 Analoqz'a

300 1490 468 1537 cum
525 1468 925 1557 scripsisset,
979 1467 1166 1536 hunc
1219 1467 1305 1535 ad
1354 1468 1774 1556 Ciceronem,
1827 1474 2160 1560 optimum
2212 1496 2459 1566 nempe

301 1583 653 1653 sermonis
707 1583 897 1651 latini
945 1583 1503 1668 existimatorem,
1557 1586 1886 1656 mittebat.
1942 1589 2187 1658 Multas
2246 1592 2452 1661 etiam

297 1700 614 1770 Caesaris
667 1699 926 1767 litteras
970 1699 1210 1767 omitto
1257 1701 1447 1768 omni
1495 1699 1745 1783 officio,
1796 1701 2178 1791 diligentia,
2230 1709 2461 1777 suavi-

301 1824 444 1887 tate
471 1818 754 1885 refertas
782 1820 827 1903 ⁸,
880 1818 1098 1885 multa
1134 1817 1206 1884 in
1253 1818 1598 1886 Ciceronis
1635 1819 2079 1890 familiaribus
2126 1823 2455 1894 beneficia

303 1933 551 2022 posita,
599 1932 924 2021 illamque
962 1952 1165 2021 saepe
1205 1932 1549 2001 laudatam
1590 1934 1961 2017 lenitatem,
1996 1958 2131 2025 qua
2166 1939 2453 2009 dictator

301 2047 698 2117 adversario
740 2051 859 2114 aut
897 2046 1153 2114 irrisori
1206 2047 1298 2114 ita
1343 2047 1683 2134 parcebat,
1734 2055 1812 2117 ut
1851 2049 2210 2141 indulgere
2260 2054 2455 2125 vide-

301 2171 496 2232 retur
531 2165 573 2230 ⁸.
629 2163 812 2240 Quae
858 2168 1104 2230 cuncta
1147 2161 1663 2251 perhumaniter
1707 2166 1779 2231 in
1837 2166 2255 2253 Ciceronem,
2309 2191 2450 2240 non

304 2279 495 2368 quod
542 2278 835 2345 multum
872 2277 988 2346 ille
1033 2279 1105 2344 in
1153 2297 1225 2345 re
1275 2278 1546 2367 publica
1592 2286 1824 2367 posset
1882 2319 1972 2333 -
2026 2303 2228 2372 saepe
2266 2287 2453 2354 enim

301 2394 533 2464 eidem
581 2393 987 2482 optimatum
1027 2392 1272 2462 fautori
1324 2394 1878 2462 inimicissimum
1924 2417 1997 2466 se
2045 2407 2346 2484 gesserat
2388 2407 2455 2470 et

303 2509 570 2577 malum
619 2509 966 2596 intulerat,
1007 2547 1096 2560 -—
1143 2508 1263 2579 sed
1311 2510 1469 2599 quia
1521 2511 1843 2600 primario
1890 2512 1963 2579 in
2019 2513 2257 2583 litteris
2316 2523 2459 2586 erat

302 2624 485 2707 loco,
527 2624 816 2694 faciebat
843 2627 888 2692 ⁷.

394 2742 613 2830 Atque
659 2742 900 2808 Caesar
940 2739 1103 2829 quid
1150 2740 1506 2829 profecerit
1541 2740 1724 2810 vide.
1766 2742 1938 2811 Cum
1975 2745 2227 2814 Galliae
2264 2749 2450 2817 subi-

304 2863 652 2945 gerentur,
688 2855 918 2924 Cicero
954 2857 1154 2924 illum
1193 2855 1319 2925 sibi
1357 2856 1741 2926 secundum
1778 2858 2054 2928 fratrem
2092 2869 2161 2930 et
2197 2863 2447 2934 liberos

371 3039 414 3084 1.
450 3036 534 3086 Ad
561 3037 694 3096 Act„
726 3037 801 3097 13,
821 3037 900 3098 46,
926 3039 972 3086 2.
1001 3037 1148 3086 Bruti
1170 3039 1350 3087 autem
1385 3036 1575 3086 Catone
1598 3038 1737 3087 lecto
1766 3050 1823 3086 se
1853 3036 1955 3086 sibi
1982 3036 2245 3087 disertum
2275 3037 2453 3087 visum

305 3106 544 3168 dicebat3
573 3108 770 3172 quibus
793 3107 858 3158 de
888 3109 1172 3158 sententiis
1201 3108 1334 3158 haec
1358 3108 1414 3158 in
1446 3108 1651 3157 notulis
1680 3109 1794 3157 suis
1821 3107 2101 3169 scripsisse
2126 3108 2242 3157 Car.
2268 3107 2457 3157 Nisard

307 3179 511 3226 mirorz
546 3197 571 3224 «
601 3179 750 3228 Cette
793 3178 1110 3229 distinction
1159 3179 1286 3228 faite
1325 3192 1421 3240 par
1463 3179 1625 3228 Gesar
1664 3182 1818 3228 entre
1860 3179 1936 3228 les
1978 3178 2122 3227 deux
2169 3177 2349 3240 eloges
2384 3178 2450 3229 de

305 3247 490 3310 Geton,
519 3249 656 3298 celui
687 3247 754 3298 de
781 3249 1006 3300 Ciceron
1037 3254 1091 3300 et
1119 3249 1255 3300 celui
1286 3250 1352 3299 de
1385 3251 1599 3309 Brutus,
1627 3248 1887 3299 n'est-elle
1911 3263 2007 3311 pas
2044 3249 2096 3298 la
2124 3249 2355 3313 critique
2394 3248 2461 3300 de

305 3320 444 3368 celui
495 3320 561 3369 de
591 3319 846 3370 ciceron?
888 3321 1116 3370 Celui-ci
1145 3320 1401 3370 toutefois
1432 3321 1517 3370 n’a
1544 3334 1642 3382 pas
1674 3321 1791 3370 l’air
1822 3321 1889 3370 de
1927 3321 2035 3370 s’en
2080 3321 2405 3385 apercevoir.
2432 3339 2457 3365 ι»

306 3391 648 3440 Acerbiorem
667 3397 856 3441 contra
884 3391 939 3440 in
967 3391 1188 3441 Brutum
1220 3392 1496 3442 Caesarem
1527 3391 1693 3442 fuisse
1719 3391 1911 3442 merito
1935 3392 2282 3454 judicaveris.
2315 3392 2457 3457 (vid.

305 3461 396 3510 Ch.
430 3459 643 3522 Nisard‚
673 3463 826 3511 Notes
848 3477 946 3511 sur
977 3461 1051 3510 les
1078 3462 1255 3512 lettres
1287 3461 1352 3511 de
1383 3462 1610 3512 Cicer-on.
1640 3463 1810 3524 PariS,
1845 3462 2019 3525 Didot,
2045 3464 2205 3527 1882.)

365 3535 412 3582 2.
443 3533 565 3582 vid.
597 3533 864 3584 Plutarchi
901 3536 1063 3584 vitam
1097 3533 1326 3595 Caes.‚2,
1356 3538 1410 3583 et
1433 3533 1650 3595 Teuffel,
1682 3537 1707 3594 5
1737 3535 1843 3596 195,
1876 3537 1921 3584 3.

367 3605 414 3652 3.
444 3604 530 3653 Ad
560 3603 618 3664 Q.
641 3605 737 3668 fr„
767 3608 812 3666 2,
846 3608 922 3667 13,
953 3609 1010 3666 2;
1039 3608 1088 3666 2,
1120 3607 1196 3667 15,
1229 3606 1274 3654 5.

365 3677 412 3725 4.
441 3675 627 3737 Epist„
661 3678 707 3736 9,
737 3679 814 3737 16,
839 3679 886 3726 4.
1267 3711 1270 3714 -

364 3748 410 3795 5.
444 3746 529 3794 Ad
559 3745 618 3806 Q.
647 3746 743 3809 fr„
775 3750 818 3808 2,
847 3749 924 3808 13,
957 3749 1002 3798 1.

363 3821 410 3867 6.
438 3837 464 3862 α
508 3817 601 3868 Ille
633 3819 814 3868 nescio
838 3832 948 3881 quo
985 3823 1139 3881 pacto
1169 3819 1375 3869 ferebat
1401 3833 1486 3870 me
1515 3818 1734 3884 quidem
1770 3818 2089 3869 mirabiliter
2116 3837 2141 3863 n
2168 3817 2273 3882 (Ad
2316 3819 2445 3876 Att„

305 3890 380 3949 14,
413 3889 490 3950 ΓΙ,
521 3891 568 3950 6,
600 3902 648 3938 a.
675 3890 784 3951 710,
817 3903 886 3938 m.
917 3890 1098 3952 maio).

358 3961 407 4008 Ἰ.
434 3960 494 4009 ln
537 3959 770 4023 epistula
807 3959 874 4009 ad
898 3960 1130 4010 Atticum
1171 3976 1220 4011 a.
1251 3963 1361 4022 709,
1392 3976 1464 4012 m.
1502 3960 1794 4023 decembri,
1826 3961 2026 4022 scripta
2057 3964 2308 4009 narratur
2336 3974 2442 4024 quo

300 4030 460 4080 modo
504 4031 698 4080 Caesar
743 4030 1056 4082 Ciceronem
1092 4032 1286 4082 adierit
1324 4036 1379 4082 et
1411 4032 1555 4095 apud
1596 4047 1717 4082 eum
1755 4032 2029 4082 cenaverit
2058 4047 2071 4080 z
2107 4051 2127 4072 «
2158 4032 2443 4084 Σπουδαῖον

299 4101 442 4152 οὐδὲν
460 4101 516 4151 in
532 4114 800 4163 sermone,
824 4102 998 4167 inquit
1017 4104 1216 4165 Cicer0‚
1241 4107 1477 4169 φιλόλογα
1512 4105 1706 4164 multa;
1730 4103 1861 4168 quid
1882 4101 2131 4167 quaeris?
2154 4102 2446 4153 delectatus

301 4175 382 4222 est
411 4178 466 4222 et
490 4173 721 4224 libenter
748 4173 851 4223 fuit
881 4193 906 4219 n
935 4175 1027 4240 (ad
1057 4175 1188 4240 Act„
1218 4177 1296 4236 13,
1326 4177 1405 4238 52,
1432 4177 1499 4240 2).

446 4264 625 4319 Rmu..
2128 4263 2158 4319 3
