3100 5042
1241 1380 1552 1457 CAPUT
1605 1381 1635 1456 Ι

353 1711 561 1757 CICERO
589 1689 709 1756 N‘Utt
749 1711 992 1757 opums
1018 1711 1200 1758 ARTES
1228 1711 1489 1758 PROPTER
1517 1712 1685 1758 IPSAS
1716 1712 2003 1760 AMAVERH·
2044 1713 2227 1766 ATQUE
2255 1713 2503 1760 ILLARUM

597 1817 844 1892 S‘rublum
885 1818 1055 1865 LAum
1103 1818 1175 1863 ΕΤ
1216 1819 1429 1865 SUMMIS
1473 1819 1805 1866 nonomnus
1844 1820 2272 1868 ANTEPOSUERIT

355 2089 394 2139 1.
421 2090 632 2140 Artium
662 2091 985 2152 optimarum
1017 2103 1140 2140 vere
1162 2103 1370 2149 amane,
1391 2089 1460 2140 iis
1491 2093 1670 2140 tamen
1702 2088 1901 2138 studiis
1929 2088 2112 2140 Cicero
2141 2102 2199 2138 se
2228 2087 2395 2148 dedit,
2416 2099 2510 2150 per

415 2175 555 2225 quae
584 2161 652 2212 ad
677 2161 1039 2225 eloquentiam
1075 2165 1128 2211 et
1151 2161 1218 2211 ad
1246 2163 1480 2211 honores
1510 2159 1767 2211 accedere
1792 2159 1989 2222 possit;
2012 2173 2148 2222 quos
2166 2163 2346 2209 autem
2374 2158 2508 2219 legit

418 2233 720 2294 scriptores,
751 2237 913 2295 prout
945 2232 1146 2282 oratori
1175 2232 1464 2282 utilitatem
1493 2231 1773 2296 praebent,
1809 2231 2075 2281 aestimat.
2100 2231 2246 2279 -ΙΙ,
2268 2230 2508 2279 Pulchris

415 2303 569 2354 libris
611 2318 679 2354 ex
716 2304 918 2365 animo,
949 2304 1142 2354 statuis
1194 2306 1375 2353 autem
1433 2307 1487 2354 et
1529 2303 1731 2354 tabulis
1776 2302 1937 2364 pictis
1979 2301 2047 2350 ad
2086 2300 2507 2351 ostentationem

416 2373 599 2424 Cicero
638 2374 959 2436 delectatur;
1001 2388 1190 2424 omnes
1233 2375 1346 2425 iere
1375 2378 1539 2434 artae,
1568 2387 1635 2424 ne
1672 2373 2020 2437 imperfectus
2057 2376 2238 2421 orator
2268 2371 2379 2434 ilat,
2412 2369 2506 2421 sed

418 2445 747 2507 primoribus
773 2449 985 2496 tantum
1014 2445 1198 2507 labris,
1225 2446 1462 2508 attingit.
1493 2473 1555 2482 —
1585 2444 1677 2494 ΙΙΙ.
1703 2444 1991 2494 Litteratos
2026 2443 2272 2492 homiues
2308 2441 2502 2506 magis·

417 2519 638 2580 trosque
674 2515 924 2579 inprimis
954 2531 1098 2578 suos,
1125 2530 1236 2567 non
1267 2519 1447 2566 tamen
1477 2529 1698 2578 prorsus
1729 2515 1981 2577 gratuito,
2008 2514 2191 2563 Cicero
2223 2513 2417 2575 diligit.
2448 2537 2509 2550 -·

416 2587 502 2638 IV.
532 2587 750 2637 Liberos
782 2592 837 2638 et
875 2587 1203 2651 propinquos
1247 2587 1566 2637 Ciceronum
1603 2585 1824 2636 nomine
1855 2585 2050 2647 dignos
2079 2585 2294 2635 efficere
2324 2584 2508 2634 Cicero

415 2661 668 2708 conatum
699 2672 884 2708 servos
911 2659 1172 2722 quosdam
1209 2659 1405 2708 litteris
1443 2659 1559 2720 ipse
1594 2657 1820 2719 imbuit,
1852 2669 2082 2720 quorum
2123 2655 2317 2705 officiis
2356 2655 2508 2718 adju·

416 2732 592 2779 vetur.
606 2756 671 2764 —
688 2730 750 2780 V.
780 2730 1090 2793 Numquam
1114 2729 1310 2778 litteris
1328 2729 1406 2778 ita
1434 2727 1699 2778 consolari
1731 2731 1786 2778 et
1804 2727 2006 2777 abdere
2027 2740 2085 2777 se
2105 2726 2289 2776 Cicero
2308 2729 2503 2787 potest,

416 2803 478 2849 ut
504 2797 731 2850 amissos
757 2799 993 2851 honores
1019 2801 1328 2852 desiderare
1358 2803 1412 2850 et
1443 2814 1658 2850 rursum
1689 2799 1943 2862 persequi
1976 2798 2219 2849 desistat.

1412 3052 1440 3118 I

441 3245 826 3333 Antequam
865 3264 949 3313 ex
995 3245 1224 3334 pueris
1271 3245 1563 3315 excessit
1600 3247 1689 3314 Μ.
1742 3243 2005 3313 Tullius
2054 3244 2313 3330 Cicero,
2356 3246 2501 3334 jam

351 3377 392 3426 a
419 3367 631 3447 patre,
666 3360 1035 3430 lectissimo
1064 3361 1236 3443 viro,
1275 3367 1409 3430 eta
1444 3361 1659 3450 patris
1702 3361 2153 3430 familiaribus
2185 3361 2501 3434 incitatus

353 3483 520 3564 erat,
551 3481 628 3547 ut
651 3476 899 3545 artium
939 3477 1386 3546 honestarum
1425 3477 1641 3546 simul
1670 3476 2022 3546 studiosus
2059 3478 2251 3546 fieret
2280 3483 2345 3546 et
2373 3477 2498 3545 ali-

351 3614 559 3684 quam
603 3595 677 3661 in
714 3613 788 3662 re
831 3592 1104 3682 publica
1139 3613 1504 3682 personam
1562 3593 1907 3682 suscipere
1954 3600 2262 3681 cuperet3
2306 3598 2495 3681 pater

351 3711 562 3796 enim,
597 3737 629 3772 «
668 3710 808 3799 qui,
853 3729 1008 3777 cum
1048 3716 1232 3778 esset
1272 3711 1544 3777 infirma
1581 3709 2001 3792 valetudine,
2034 3715 2320 3779 aetatem
2361 3710 2501 3778 fere

351 3826 484 3916 egit
525 3826 595 3893 in
636 3825 878 3894 litteris
917 3828 934 3860 ²
977 3854 1042 3912 »,
1091 3825 1284 3915 pueri
1331 3826 1646 3894 animum
1694 3824 2073 3914 disciplinis
2110 3825 2505 3893 institutum

411 4031 456 4078 1.
491 4029 565 4078 De
599 4028 718 4093 leq„
752 4032 800 4092 2,
828 4032 873 4092 1,
902 4032 949 4080 3.
978 4055 1042 4066 -·
1077 4029 1351 4080 Ciceronis
1389 4029 1591 4092 scripta
1630 4028 1885 4094 usurpavi
1913 4043 1946 4080 a
1973 4028 2027 4078 C.
2056 4027 2111 4078 F.
2140 4026 2228 4079 W.
2258 4026 2498 4087 Mueller,

346 4097 406 4148 A.
436 4100 489 4150 S.
523 4101 876 4164 Wesenberg,
904 4101 1168 4152 Guilelmo
1200 4099 1476 4151 Friedrich
1504 4100 1778 4163 recognita
1805 4104 1860 4149 et
1887 4099 1943 4148 iu
1972 4098 2298 4149 bibliotheca
2324 4097 2500 4148 Teub-

350 4171 590 4234 neriana,
619 4172 849 4235 Lipsiae,
879 4174 1042 4224 edita.
1085 4172 1277 4224 Libros
1322 4176 1500 4222 tamen
1530 4171 1624 4235 qui
1658 4171 1733 4220 De
1769 4173 1993 4230 oratore,
2037 4171 2251 4231 Brutus,
2284 4169 2491 4227 Orator,
