3100 5042
1494 568 1812 632 ..86-

576 703 1149 773 immanissimum
1209 702 1589 788 hominem,
1651 704 2023 788 Vatinium,
2076 709 2224 769 tum
2284 703 2728 788 accusaverit,

578 828 723 889 tum
765 823 1021 886 tutatus
1064 817 1151 885 sit
1179 815 1245 884 ¹?
1292 817 1637 887 Lasciviae
1683 817 1962 907 quidem
2001 816 2259 906 aliquid
2297 817 2372 884 in
2417 817 2537 884 illo
2584 838 2728 886 car-

576 935 762 1002 mine
792 933 1111 1002 facillime
1137 932 1468 1022 reperias3
1504 953 1741 1001 nonne
1782 953 1946 1001 vero
1991 933 2106 1021 qui
2142 932 2360 1000 ironia
2403 933 2728 1001 refertum

576 1070 728 1120 esse
790 1069 1066 1118 carmen
1121 1050 1365 1117 volunt
1392 1049 1436 1132 ¹,
1499 1049 1641 1117 illis
1697 1049 1783 1118 de
1828 1049 2159 1118 memoria
2215 1046 2466 1117 excidit
2521 1069 2726 1137 quam

575 1164 838 1235 acerbis
885 1164 1144 1232 facetiis
1200 1163 1515 1232 inimicos
1563 1164 1864 1232 Catullus
1918 1183 2080 1232 suos
2119 1163 2728 1253 praestrinxerit²?

571 1284 817 1350 Nonne
875 1281 1038 1349 item
1098 1281 1214 1369 qui
1267 1281 1443 1348 inter
1490 1301 1566 1349 se
1613 1281 2026 1350 obtrectasse
2072 1281 2435 1369 scriptores
2487 1284 2728 1349 ambos

575 1397 840 1478 volunt,
905 1395 1045 1463 illis
1100 1394 1185 1464 de
1250 1396 1580 1464 memoria
1637 1395 1886 1464 excidit
1944 1394 2430 1464 communibus
2488 1395 2726 1464 ambos

511 1584 513 1588 ,
574 1511 809 1580 amicis
866 1531 1030 1579 usos
1088 1530 1277 1594 esse,
1330 1511 1642 1580 Cornelio
1699 1511 1982 1601 Nepote,
2047 1510 2294 1587 Caelio,
2357 1509 2540 1592 aliis,
2598 1530 2728 1579 nec

575 1647 906 1715 umquam
942 1647 981 1692 a
1010 1619 1331 1694 Cicerone
1364 1632 1835 1716 oppugnatum
1868 1646 2018 1695 esse
2049 1625 2390 1695 Catullum
2418 1625 2480 1694 ⁴?
2509 1626 2725 1703 Quam

574 1743 781 1832 igitur
834 1763 873 1810 e
924 1741 1164 1809 Catulli
1234 1741 1534 1810 carmine
1589 1743 2047 1831 conjecturam
2103 1741 2324 1810 facere
2384 1743 2728 1832 possimus

574 1855 803 1926 Kubik
849 1854 1150 1925 ostendit
1185 1876 1198 1923 :
1239 1882 1272 1917 «
1319 1856 1488 1924 Cum
1532 1855 1838 1924 Catullus
1877 1863 1994 1924 aut
2040 1854 2412 1924 audivisset
2451 1845 2596 1944 ipse
2642 1876 2726 1925 ex

576 1994 691 2041 ore
740 1972 937 2040 Tullii
984 1978 1102 2039 aut
1148 1969 1425 2040 aliunde
1465 1972 1912 2061 comperisset
1955 1971 2333 2059 benignum
2383 1970 2569 2058 quod
2609 1971 2727 2040 ille

577 2088 663 2156 de
693 2085 1108 2155 carminibus
1138 2086 1288 2173 ejus
1316 2086 1569 2154 fecerat
1600 2085 1964 2175 judicium,
1995 2087 2142 2154 viro
2173 2087 2550 2155 clarissimo
2582 2106 2730 2174 gra-

577 2205 704 2273 tias
733 2202 869 2290 egit
897 2221 978 2269 eo
1018 2221 1154 2288 quo
1195 2200 1512 2269 ut'ebatur
1540 2222 1757 2284 more,
1797 2203 1971 2291 jocis
2010 2202 2204 2270 seriis
2243 2201 2498 2287 mixtis,
2532 2203 2622 2270 ita
2652 2210 2729 2270 ut

575 2318 923 2386 blanditiis
965 2316 1170 2384 simul
1207 2317 1485 2385 aculeos
1537 2315 1870 2405 quosdam
1911 2317 2328 2386 immisceret
2356 2321 2400 2383 ⁵.
2446 2344 2478 2378 »
2521 2318 2724 2386 Fasti·

574 2435 746 2504 diosi
793 2440 1020 2501 tamen
1070 2431 1328 2521 aliquid
1371 2433 1440 2498 in
1491 2432 1776 2500 oratoris
1819 2430 2078 2520 judicio
2129 2432 2342 2500 fuisse
2390 2433 2722 2522 suspicor,

575 2571 732 2619 cum
798 2549 1051 2633 Cicer'O,
1105 2548 1218 2636 qui
1278 2548 1778 2616 Alexandrinos
1833 2548 2108 2636 juvenis
2160 2553 2454 2616 sectatus
2517 2555 2722 2634 esset,

574 2684 761 2732 nunc
811 2663 1060 2732 veteris
1118 2662 1429 2730 Graeciae
1471 2663 1906 2750 potissimum
1964 2667 2200 2751 poetas
2246 2660 2718 2731 admiraretur.

576 2779 805 2858 Qualis
856 2783 1085 2844 autem
1138 2797 1307 2844 usus
1350 2777 1692 2844 Catullum
1731 2779 1909 2845 inter
1954 2784 2022 2846 et
2078 2769 2722 2846 Ciceronem'inter·

575 2893 852 2964 cesserit
888 2912 972 2960 ex
1019 2912 1099 2960 ea
1138 2912 1348 2980 quam
1386 2891 1594 2960 modo
1635 2893 1907 2961 laudavi
1951 2891 2534 2981 disputatiuncula
2566 2914 2725 2983 pro-

572 3010 886 3078 babiliter
937 3007 1265 3076 discimus
1308 3029 1323 3074 :
1373 3034 1405 3068 «
1461 3008 1742 3097 Saepius
1791 3008 2188 3076 Ciceronem
2247 3029 2402 3076 cum
2460 3009 2724 3078 Catullo

570 3147 717 3195 rem
768 3122 1090 3192 habuisse
1127 3143 1210 3191 ex
1260 3123 1423 3190 satis
1471 3143 1724 3210 magno
1771 3123 2172 3206 amicorum,
2217 3143 2390 3211 quos
2440 3129 2724 3212 uterque

574 3238 1171 3328 complectebatur,
1198 3257 1511 3318 numerO,
1548 3239 1711 3306 satis
1741 3258 2082 3327 superque
2113 3237 2459 3326 probatur.
2491 3239 2724 3327 Itaque

573 3356 806 3425 leviori
865 3355 1016 3422 usui
1065 3353 1420 3442 victusque
1459 3352 1940 3421 consuetudini
1987 3353 2174 3421 locus
2222 3354 2480 3440 optime
2524 3353 2724 3424 datus

574 3469 867 3539 videtur.
925 3468 1177 3536 Natura
1240 3474 1467 3536 autem
1522 3474 1590 3535 et
1657 3469 1934 3555 ingenio
2000 3474 2137 3534 tam
2199 3465 2513 3536 diversus
2579 3477 2725 3538 erat

642 3709 686 3756 1.
720 3707 865 3770 Susa,
901 3709 1231 3773 Catulliana,
1261 3727 1311 3774 p.
1350 3715 1440 3773 303
1466 3714 1703 3774 Bcnoist‚
1735 3727 1783 3773 p.
1815 3714 1926 3762 489.

638 3781 685 3827 2.
716 3779 873 3840 Jahn,
904 3781 1159 3843 Ribbeck,
1192 3783 1338 3843 Ξίἱεε,
1371 3784 1610 3844 Schulze,
1644 3784 1880 3834 Benoist.

638 3849 681 3898 3.
716 3850 790 3900 cf.
830 3851 888 3900 Ο.
920 3853 1244 3916 Harnecker,
1280 3854 1393 3915 Qua
1432 3854 1885 3923 necessitudine...,
1920 3869 1972 3917 p.
1997 3855 2059 3915 ,83
2094 3853 2267 3903 Cicero
2307 3850 2420 3902 und
2461 3849 2722 3910 Catullus,

632 3993 677 4040 4.
699 3990 775 4040 De
806 3992 1079 4044 Ciceronis
1108 3995 1371 4045 adversus
1396 4017 1416 4037 σι
1439 4000 1691 4046 cantores
1715 3995 2079 4057 Euphorionis
2113 4018 2133 4037 »
2158 3994 2338 4045 verbis
2371 3993 2537 4058 (Tusc.
2566 3992 2721 4055 disp„

568 4061 619 4123 3,
651 4064 726 4123 19,
759 4064 846 4124 453
877 4063 949 4113 ad
976 4067 1109 4127 Act„
1136 4067 1183 4126 Ἰ,
1210 4067 1257 4126 2,
1292 4069 1356 4130 1),
1387 4066 1509 4116 vide
1539 4067 1865 4128 Harnecker,
1893 4066 2008 4127 Qua
2034 4064 2494 4124 necessitudine...,
2526 4078 2578 4126 p.
2610 4064 2724 4122 2-33

568 4131 745 4182 Cicero
772 4135 881 4183 und
911 4134 1169 4194 Catullus,
1197 4151 1247 4200 p.
1272 4139 1504 4187 466-468.
2623 4175 2626 4180 -

629 4205 675 4252 5.
712 4204 906 4267 Kubik,
938 4207 1001 4256 de
1029 4209 1101 4256 M.
1133 4207 1183 4264 T.
1213 4207 1320 4258 Cic.
1345 4210 1487 4272 poet.
1523 4209 1620 4259 lat.
1647 4211 1735 4270 st„
1767 4223 1817 4270 p.
1845 4211 1952 4258 344.
