3100 5042
1229 515 1552 580 ..13-

316 653 660 744 quendam
710 673 1013 734 servum,
1065 651 1183 740 qui
1225 651 1440 720 libros
1489 649 1975 739 subripuisset,
2020 649 2403 738 conceperit
2422 651 2467 731 ‘,

315 789 444 839 nec
501 790 708 858 quam
767 788 968 856 saepe
1028 766 1112 834 ab
1168 766 1388 835 Attico
1437 785 1563 834 suo
1619 766 1707 832 sit
1748 769 2063 854 precatus
2108 770 2185 832 ut
2230 764 2474 833 biblio·

315 884 582 952 thecam
657 883 788 950 sibi
873 882 1239 950 conficeret
1261 883 1306 964 ²,
1385 901 1561 949 neve
1634 879 1881 964 libros,
1941 887 2115 968 quos
2196 879 2473 948 haberet

313 999 624 1080 venales,
691 999 1008 1086 cuiquam
1075 996 1368 1064 traderet
1414 1019 1430 1062 :
1485 995 1769 1063 «libros
1828 999 1983 1062 tuos
2028 1015 2360 1063 conserva
2407 1001 2475 1063 et

317 1113 464 1182 noli
503 1113 866 1202 desperare
904 1132 1023 1180 eos
1059 1131 1171 1180 me
1202 1132 1393 1180 meos
1433 1110 1652 1178 facere
1691 1130 1892 1199 posse
1914 1135 1934 1195 ;
1970 1109 2156 1199 quod
2195 1111 2253 1179 si
2284 1131 2469 1180 asse-

317 1249 518 1317 quor,
551 1247 794 1317 supero
825 1229 1142 1296 Crassum
1177 1225 1434 1296 divitiis
1464 1232 1668 1314 atque
1698 1245 1941 1294 omnes
1969 1226 2156 1295 vicos
2186 1233 2253 1295 et
2282 1231 2471 1314 prata

317 1350 687 1412 contemno
709 1345 732 1378 ³
761 1369 822 1409 ».

401 1462 556 1529 Non
623 1466 851 1529 tamen
907 1479 1150 1528 omnes
1213 1457 1670 1528 vindemiolas
1718 1480 1880 1528 suas
1942 1479 2023 1528 eo
2080 1459 2469 1528 reservabat

310 1576 565 1660 Cicero,
617 1581 696 1643 ut
759 1575 1068 1664 pluribus
1124 1575 1341 1660 libris,
1402 1582 1469 1643 et
1524 1576 1903 1644 accuratius
1962 1575 2347 1664 descriptis,
2403 1583 2469 1645 et

310 1692 699 1783 pulchriore
743 1693 966 1782 specie
1006 1691 1245 1760 oculos
1277 1691 1701 1780 capientibus
1739 1692 1936 1760 villas
1966 1713 2125 1760 suas
2163 1693 2467 1782 locuple-

309 1815 522 1891 taret;
567 1809 785 1898 signis
836 1809 1044 1877 etiam
1095 1813 1164 1876 et
1215 1808 1466 1876 tabulis
1517 1809 1716 1898 pictis
1764 1817 1832 1877 et
1878 1809 2027 1896 ejus
2078 1809 2265 1877 modi
2318 1809 2468 1876 aliis

310 1923 519 2011 rebus
577 1944 694 1993 eas
752 1923 1061 2009 ornabat,
1099 1944 1273 2012 quae
1323 1924 1587 1992 Atticus
1638 1925 2067 2014 plerumque,
2119 1945 2471 1994 nonnum-

312 2059 520 2128 quam
551 2045 780 2109 tamen
828 2040 1004 2109 alius
1058 2040 1214 2129 quis
1276 2041 1492 2129 ipsius
1549 2047 1831 2130 sumptu
1877 2046 2157 2110 emerat.
2202 2041 2465 2118 Quanto

309 2175 516 2244 opere
555 2156 740 2224 enim
797 2156 1063 2224 eximiis
1120 2157 1527 2224 Graecorum
1581 2155 1902 2246 operibus
1952 2156 2329 2226 delectatus
2382 2157 2467 2226 sit

309 2291 516 2339 nemo
545 2271 843 2360 ignorat3
879 2277 1082 2360 atque
1121 2273 1394 2361 saepius
1427 2271 1573 2362 jam
1604 2271 1784 2340 docti
1826 2272 1957 2340 viri
1998 2271 2467 2340 disseruerunt

309 2407 518 2476 quam
563 2389 728 2456 scite
787 2386 1264 2477 subtiliterque
1316 2388 1579 2456 Tullius
1637 2389 2071 2477 singulorum
2130 2387 2464 2456 artificum

305 2503 593 2572 virtutes
633 2510 836 2592 atque
878 2504 1041 2572 vitia
1070 2502 1567 2592 dijudicaverit,
1604 2503 1769 2592 quid
1814 2504 2089 2593 egregie
2120 2503 2204 2573 de
2234 2504 2465 2594 sculp-

307 2627 500 2688 turae
537 2619 974 2708 picturaeque
1006 2619 1289 2688 s'cientia
1327 2619 1645 2703 senserit,
1680 2641 1891 2707 quam
1928 2627 2085 2709 apte
2115 2621 2465 2709 periteque

305 2735 524 2802 multa
565 2735 638 2801 in
677 2735 947 2824 scriptis
986 2736 1130 2803 suis
1159 2755 1244 2804 ex
1274 2734 1541 2804 duabus
1585 2735 1722 2805 illis
1760 2736 2021 2805 artibus
2060 2735 2465 2825 deprompta

304 2852 684 2941 protulerit,
746 2858 821 2920 ut
883 2872 995 2921 res
1060 2852 1146 2921 de
1211 2853 1460 2942 quibus
1524 2854 1921 2944 loqueretur
1994 2854 2457 2942 explanaret⁴.
2547 2947 2576 2957 νή

371 3096 415 3142 1.
449 3092 581 3143 Vide
605 3093 777 3156 epist„
807 3095 854 3154 5,
885 3095 934 3154 9,
964 3096 1021 3155 23
1052 3095 1100 3154 5,
1132 3094 1230 3155 10⁸,
1257 3095 1313 3155 13
1339 3094 1386 3154 5,
1421 3095 1496 3154 11,
1526 3094 1583 3154 33
1618 3095 1694 3154 13,
1722 3095 1801 3154 7⁴1,
1832 3095 1879 3144 3.

367 3167 414 3212 2.
444 3164 528 3212 Ad
547 3163 675 3222 Ate„
712 3165 759 3226 1,
793 3167 838 3213 7.

366 3238 413 3285 3.
446 3235 528 3283 Ad
554 3235 687 3296 Act„
720 3239 766 3297 1,
794 3236 838 3294 4,
869 3237 926 3294 33
961 3235 1004 3297 1,
1044 3237 1119 3296 10,
1148 3237 1204 3294 43
1233 3237 1278 3296 1,
1313 3238 1451 3296 11,3.
1483 3236 1753 3294 Quantum
1788 3233 2050 3296 penderet
2078 3233 2245 3283 animi
2276 3235 2459 3286 Cicero

299 3319 429 3355 cum
457 3305 623 3356 libros
657 3319 832 3356 emere
865 3305 1025 3356 vellet
1053 3334 1117 3342 -—
1150 3305 1227 3356 ita
1263 3307 1521 3356 mendose
1546 3306 1923 3356 scribebantur
1956 3308 2009 3356 et
2038 3305 2283 3355 mendosi
2313 3307 2461 3357 veni-

303 3377 436 3427 bant
455 3405 520 3414 —
549 3377 664 3439 ipse
694 3376 1018 3439 significavit
1046 3377 1118 3426 ad
1143 3376 1199 3437 Q.
1227 3377 1318 3439 fr„
1347 3381 1394 3436 3,
1427 3380 1473 3436 4,
1501 3378 1557 3438 ὃς
1589 3378 1635 3438 3,
1666 3379 1712 3434 5,
1744 3379 1790 3425 6.

365 3451 412 3498 4.
442 3446 576 3497 Vide
619 3447 672 3496 in
715 3448 908 3512 primis
945 3447 1219 3509 Fraguier‚
1251 3445 1304 3497 la
1331 3447 1559 3498 Gallerie
1592 3448 1656 3496 de
1700 3449 1896 3508 Verres,
1928 3462 1981 3509 p.
2016 3449 2219 3498 575-576
2253 3448 2325 3509 (in
2355 3451 2457 3500 Μέ-

299 3520 492 3568 moires
515 3517 580 3568 de
605 3519 905 3568 litterature
933 3519 1063 3569 tirez
1086 3519 1177 3568 des
1199 3520 1446 3582 reyistres
1475 3519 1537 3567 de
1564 3517 1877 3568 l'Academie
1904 3518 2087 3583 royale
2115 3519 2205 3568 des
2235 3521 2457 3585 Inscrip-

299 3591 442 3640 tions
477 3591 530 3639 et
569 3589 738 3639 Belles
769 3590 1032 3653 lettres...,
1069 3595 1106 3639 t.
1137 3590 1223 3651 VI,
1255 3591 1422 3648 Paris,
1456 3592 1597 3650 1723,
1635 3604 1683 3650 p.
1716 3591 1970 3653 565-576);
2004 3617 2067 3626 —
2096 3591 2151 3640 L.
2186 3591 2459 3654 Maignen,

300 3661 443 3722 Quid
460 3661 525 3712 de
541 3662 706 3725 siquis
729 3661 1024 3727 tabulisque
1035 3663 1197 3726 pictis
1223 3662 1440 3712 senserit
1459 3661 1531 3710 Μ.
1566 3661 1820 3712 Tullius...
1849 3663 2088 3724 ParisiiS,
2119 3678 2231 3714 exc.
2254 3665 2308 3713 Fi
2318 3666 2454 3713 rmin

298 3732 481 3794 Didot,
508 3735 657 3794 18563
685 3761 749 3768 —
775 3733 834 3782 E.
868 3733 1148 3794 Bertrand,
1181 3733 1255 3782 De
1271 3733 1483 3796 pictura
1508 3734 1561 3782 et
1588 3733 1865 3797 sculptura
1891 3734 2037 3797 apud
2065 3737 2258 3784 veteres
2281 3733 2453 3784 rheto-

297 3817 460 3864 res...‚
491 3804 732 3853 Lutetiae
757 3803 1104 3865 Parisiorum,
1136 3804 1279 3866 apud
1303 3804 1522 3864 Thorin,
1549 3804 1665 3853 1881
1688 3821 1702 3864 ;
1737 3819 1854 3866 cap.
1874 3819 1935 3854 111
1965 3807 2019 3855 et
2036 3819 2109 3866 1v;
2140 3832 2199 3841 —-
2220 3805 2456 3855 Armand

297 3875 478 3936 Gaste,
508 3874 582 3924 les
615 3873 917 3924 Collectiom
947 3874 1013 3925 de
1061 3875 1258 3937 Veri-eS,
1289 3875 1424 3924 snivi
1464 3873 1590 3924 d’un
1620 3875 1902 3938 appendice
1927 3891 2021 3924 sur
2062 3876 2276 3925 Cicer-on
2312 3890 2455 3926 ama·

297 3949 417 3996 tem·
446 3945 520 4008 (in
548 3945 783 3995 Bulletin
807 3945 948 3995 dela
974 3945 1087 3996 Soc.
1120 3945 1210 3996 des
1242 3945 1552 3996 beaw-arte
1587 3945 1650 3994 de
1679 3945 1836 4003 Caen,
1854 3947 1978 4008 juin
2012 3947 2170 4010 1883).
2203 3975 2262 3983 —
2284 3947 2453 4006 Quam

291 4020 422 4080 apte
450 4016 632 4067 Cicero
664 4017 718 4066 in
748 4017 1009 4066 ornandis
1037 4017 1273 4080 praediis
1304 4017 1555 4080 villisque
1584 4016 1937 4067 aedificandis
1966 4022 2211 4068 versatus
2238 4018 2308 4067 sit
2333 4033 2453 4082 per·

296 4087 498 4152 spicias
534 4101 601 4137 ex
635 4087 806 4152 ipsius
847 4088 1046 4138 litteris
1080 4089 1222 4152 licet,
1258 4101 1394 4153 quas
1433 4088 1563 4138 dum
1604 4087 1846 4138 absentis
1879 4088 2061 4147 Quinti
2104 4089 2260 4139 villas
2301 4096 2456 4141 curat

295 4158 620 4220 conscripsit
646 4158 737 4223 (ad
760 4157 820 4220 Q.
839 4160 936 4223 fr„
969 4161 1016 4222 3,
1050 4160 1116 4222 1).
