3100 5042
1496 473 1926 568 -56-'

580 641 856 730 propria
936 659 1131 723 esse,
1220 639 1472 706 Romae
1538 637 1953 728 peregrinari
2010 643 2276 706 tantum
2349 637 2734 725 videbatur,

582 755 833 844 quippe
907 774 1116 842 quam
1196 753 1483 821 Romani
1560 758 1827 822 veteres
1910 753 2256 821 interdum
2335 754 2732 838 coluissent,

580 889 985 958 numquam,
1032 869 1088 937 si
1128 887 1343 957 pauca
1398 864 1735 955 quaedam
1784 869 1986 934 Ennii
2043 874 2281 956 poetae
2327 876 2735 958 praetereaS,

581 984 1029 1054 mandassent
1053 983 1293 1052 litteris
1322 985 1367 1068 ¹,
1402 984 1813 1052 recentiores
1843 989 2072 1052 autem
2103 985 2418 1073 Epicurei
2440 987 2533 1053 ita
2563 993 2740 1055 trac-

578 1101 934 1182 tavissent,
972 1104 1069 1182 ut,
1116 1098 1306 1165 nulla
1351 1105 1493 1166 arte
1544 1097 1872 1181 adhibita,
1922 1097 2008 1166 de
2046 1098 2250 1168 rebus
2297 1107 2456 1169 ante
2500 1102 2738 1170 oculos

582 1217 825 1304 positis
882 1214 1149 1301 vulgari
1208 1233 1527 1282 sermone
1595 1212 2052 1302 disputarent,
2114 1215 2286 1282 nihil
2345 1215 2732 1300 definirent,

579 1331 756 1398 nihil
794 1330 1231 1418 partirentur,
1262 1328 1434 1396 nihil
1471 1335 1630 1418 apta
1658 1329 2190 1418 interrogatione
2222 1331 2734 1417 concluderent,

581 1445 848 1514 nullam
900 1443 1199 1534 denique
1240 1451 1453 1512 artem
1501 1464 1654 1513 esse
1693 1465 1820 1513 nec
1869 1444 2141 1514 dicendi
2181 1465 2308 1515 nec
2354 1445 2735 1516 disserendi

580 1566 901 1652 putarent
955 1563 999 1630 ².
1072 1561 1193 1628 His
1260 1560 1498 1629 saltem
1565 1559 1796 1629 verbis
1864 1561 2096 1629 Cicero
2162 1561 2307 1650 ipse
2363 1561 2734 1650 Rabirium,

580 1677 871 1762 Catium,
904 1676 1319 1743 Amafinium
1352 1675 1723 1765 significat3
1760 1695 1936 1764 quos
1965 1696 2124 1744 cum
2162 1678 2458 1765 saepiuS,
2493 1679 2737 1747 merito

579 1792 887 1880 quidem,
940 1799 1017 1860 ut
1070 1797 1409 1881 putamuS,
1455 1791 1760 1873 irriserit,
1812 1811 1933 1859 cur
1980 1789 2065 1860 de
2109 1792 2419 1861 Lucretio
2458 1793 2739 1862 tacuerit

581 1906 859 1977 difficile
913 1913 1017 1975 est
1074 1913 1406 1994 statuere3
1461 1907 1593 1975 nisi
1651 1907 1988 1996 ingeniosi
2037 1914 2275 1995 poetae
2323 1908 2739 1978 carminibus

580 2024 796 2092 teneri
826 2023 1189 2090 hominum
1212 2022 1666 2090 litteratorum
1694 2021 1983 2104 animOS,
2005 2041 2147 2090 non
2181 2022 2410 2092 doceri
2433 2023 2740 2112 philoso-

580 2137 809 2226 phiam
833 2136 1265 2227 judicaverit.
1304 2136 1535 2205 Soluta
1567 2144 1796 2205 autem
1828 2138 2136 2207 oratione
2157 2145 2336 2208 recte
2358 2139 2443 2206 M.
2471 2139 2738 2207 Tullius

586 2253 883 2341 primum
919 2273 994 2321 se
1034 2273 1187 2321 esse
1217 2251 1662 2341 profitebatur
1699 2253 1815 2339 qui
1854 2253 2330 2343 philosophiae
2373 2255 2466 2322 ita
2503 2275 2734 2322 curam
2831 2274 2840 2293 “

580 2366 1031 2452 adhibuisset,
1076 2377 1151 2436 ut
1188 2368 1425 2453 libros,
1461 2367 1580 2456 qui
1615 2366 1891 2456 quidem
1935 2369 2068 2456 legi
2106 2377 2414 2457 possent,
2459 2389 2737 2459 compo-

584 2492 814 2569 neret,
865 2483 1207 2573 siquidem
1254 2485 1466 2553 Varro
1515 2482 1602 2550 ad
1645 2483 2141 2571 impellendum
2195 2488 2384 2566 satie,
2437 2485 2525 2552 ad
2574 2486 2738 2554 edo·

580 2599 883 2668 cendum
972 2619 1215 2688 parum
1295 2599 1529 2666 multis
1613 2598 1783 2667 locis
1865 2599 2370 2688 philosophiam
2456 2601 2738 2670 inchoa-

582 2720 774 2783 verat
799 2717 844 2782 ³.

673 2830 1047 2896 Varronem
1100 2828 1379 2914 scilicet,
1423 2827 1538 2916 qui
1583 2829 1946 2896 excelleret
1990 2827 2056 2895 in
2098 2828 2556 2918 philosophia,
2594 2849 2735 2898 non

578 2945 847 3034 fugerat
877 2964 1083 3033 quam
1114 2944 1376 3013 civibus
1406 2944 1752 3034 plerisque
1783 2944 2090 3012 invisum
2121 2946 2462 3013 Romanae
2499 2946 2730 3033 philo-

579 3061 867 3149 sophiae
886 3073 1141 3129 nomen
1168 3065 1374 3140 esset,
1399 3081 1556 3128 cum
1589 3059 1740 3126 aliis
1771 3066 2162 3148 suspectum
2195 3067 2377 3128 esset
2409 3062 2736 3150 quicquid

579 3157 719 3243 non
770 3197 809 3244 a
862 3175 1237 3264 majoribus
1294 3181 1476 3244 esset
1524 3173 1851 3242 traditum
1877 3174 1924 3257 ⁴,
1978 3175 2090 3241 alii
2144 3175 2740 3244 stomacharentur

580 3289 761 3379 quod
801 3310 1133 3378 magnum
1163 3289 1467 3357 studium
1498 3308 1962 3378 magnamque
1992 3309 2271 3377 operam
2303 3289 2547 3358 delecti
2578 3292 2734 3373 viri,

579 3405 761 3491 iique
801 3405 1113 3488 Romani,
1157 3405 1229 3471 in
1273 3425 1513 3493 graeco
1565 3402 1904 3472 scribendi
1944 3424 2192 3494 genere
2235 3425 2492 3493 ponere
2539 3401 2737 3476 cura-

578 3524 752 3600 rent,
790 3517 904 3585 alii
940 3517 1264 3607 denique,
1298 3519 1415 3606 qui
1454 3519 1714 3606 graecis
1742 3518 1985 3587 litteris
2023 3518 2294 3600 eruditi,
2329 3519 2401 3586 in
2441 3520 2733 3588 latinum

640 3725 685 3770 1.
720 3720 863 3770 Tusc.
897 3719 1057 3783 disp„
1084 3723 1132 3778 4,
1166 3723 1213 3769 3.

616 3796 685 3842 ’2.
718 3793 881 3842 Αοαά.
912 3794 1070 3856 post„
1104 3794 1148 3852 1,
1176 3796 1218 3850 2,
1249 3795 1295 3841 5.
1324 3819 1388 3829 -
1421 3793 1497 3842 Ct'.
1540 3793 1685 3842 Tusc.
1728 3792 1884 3855 disp.,
1917 3797 1962 3853 1,
1993 3797 2040 3853 3,
2067 3797 2122 3854 63
2162 3796 2210 3854 2,
2238 3798 2283 3856 3,
2314 3797 2370 3854 73
2411 3793 2478 3844 de
2506 3795 2647 3855 Fin„
2689 3800 2738 3856 3,

579 3866 655 3924 12,
683 3867 771 3925 403
797 3868 851 3915 et
878 3863 1087 3924 OlleriS,
1119 3865 1181 3912 de
1214 3862 1452 3912 Phaedro
1478 3863 1736 3927 Epicureo
1763 3865 1871 3912 sive
1903 3866 1966 3914 de
1997 3866 2242 3915 Romanis
2274 3866 2490 3930 Epicuri
2516 3869 2737 3918 sectato-

574 3934 722 3984 ribus
754 3936 897 3985 circa
920 3934 1162 3984 Caesaris
1188 3937 1437 3998 tempora,
1466 3933 1712 3996 Parisiis,
1740 3933 1876 3992 1841,
1902 3950 1954 3997 p.
1989 3939 2066 3985 35.

640 4009 687 4057 3.
722 4005 885 4055 Acad.
915 4008 1067 4069 post„
1104 4007 1150 4066 1,
1182 4009 1229 4067 3,
1256 4007 1302 4054 9.

639 4078 687 4124 4.
716 4076 970 4134 Boissier,
1012 4067 1188 4125 Etude
1222 4090 1316 4125 sur
1345 4075 1401 4125 la
1440 4076 1519 4125 vie
1557 4077 1609 4124 et
1646 4075 1720 4125 les
1748 4090 2001 4141 ouvraqes
2028 4076 2092 4125 de
2111 4077 2180 4126 M.
2219 4079 2271 4126 T.
2321 4078 2537 4141 Varron,
2569 4079 2738 4138 Paris,

574 4147 854 4206 Hachette,
880 4145 1017 4210 1861,
1051 4160 1102 4208 p.
1136 4148 1223 4208 593
1250 4147 1471 4207 Jullien,
1504 4146 1578 4195 les
1610 4147 1935 4210 Professeurs
1954 4146 2018 4196 de
2047 4146 2169 4204 litt..
2201 4161 2258 4209 p.
2303 4149 2379 4198 73.
