3100 5042
1578 555 1898 620 ...58-

673 713 846 784 quae
877 691 1356 782 praecipienda
1394 691 1524 760 sibi
1563 689 1649 759 de
1689 690 1930 759 officiis
1969 687 2369 759 viderentur
2405 689 2634 757 hausit
2663 691 2717 774 ¹;
2761 696 2828 758 et

674 810 936 900 Epicuri
994 810 1351 892 rationem,
1413 827 1622 897 quam
1676 806 2136 876 libentissime
2187 804 2671 894 redarguebat,
2735 806 2828 874 ita

672 932 900 994 tamen
931 925 1245 1013 exposuit
1274 930 1373 1007 ut,
1402 923 1622 1012 ipsius
1661 920 1944 1012 quidem
1973 920 2338 1005 sententia,
2370 920 2456 988 ab
2483 921 2674 1009 ipsiS,
2710 921 2820 1008 qui

673 1062 825 1111 eam
866 1040 1296 1130 disciplinam
1324 1039 1719 1128 probarent,
1754 1060 1897 1106 non
1929 1038 2179 1106 soleret
2206 1037 2588 1106 accuratius
2616 1037 2826 1126 expli-

672 1157 810 1224 cari
848 1159 903 1240 ²;
946 1177 1075 1224 nec
1112 1155 1279 1245 quid
1319 1155 1405 1224 de
1454 1154 1585 1222 diis
1634 1160 1702 1223 et
1741 1152 1825 1222 de
1879 1161 2122 1223 natura
2160 1152 2470 1233 deorum,
2530 1151 2695 1241 quid
2741 1151 2826 1220 de

673 1271 1179 1361 superstitione,
1233 1270 1396 1358 quid
1454 1270 1540 1338 de
1598 1269 2044 1352 divinatione,
2098 1268 2182 1338 de
2238 1268 2698 1357 haruspicina,
2741 1267 2824 1336 de

672 1407 1013 1477 augurum
1071 1388 1226 1475 jure
1280 1406 1450 1474 gens
1519 1405 1834 1475 quaeque
1895 1385 2462 1474 philosophorum
2519 1385 2821 1467 sentiret,

672 1503 939 1571 celavit.
1002 1503 1354 1571 Platonem
1411 1508 1680 1587 autem,
1737 1503 1854 1590 qui
1911 1502 2227 1590 princeps
2284 1500 2370 1569 de
2427 1519 2499 1568 re
2556 1500 2827 1588 publica

671 1621 992 1708 idemque
1023 1620 1389 1709 separatim
1411 1616 1497 1687 de
1529 1617 1798 1706 legibus
1832 1618 1983 1706 ejus
2016 1617 2533 1705 conscripserat,
2559 1621 2830 1684 tantum.

671 1737 817 1824 ipse
853 1742 919 1804 et
960 1734 1045 1803 de
1079 1755 1153 1803 re
1194 1734 1468 1823 publica
1506 1739 1575 1802 et
1621 1734 1706 1802 de
1744 1732 2014 1822 legibus
2046 1731 2484 1801 conscribens
2522 1732 2828 1800 imitatus

671 1857 797 1933 est,
840 1855 1175 1940 quantum
1214 1870 1254 1918 a
1294 1850 1440 1918 cive
1481 1850 1788 1918 Romano
1831 1855 2376 1917 consentaneum
2421 1854 2564 1916 erat
2609 1847 2827 1936 philo·

673 1967 994 2057 sophum,
1028 1972 1119 2050 et,
1153 1971 1231 2034 ut
1262 1966 1355 2034 ita
1384 1964 1635 2050 dicam,
1669 1970 1943 2054 poetam
1974 1965 2303 2032 Graecum
2335 1963 2624 2054 exprimi
2651 1966 2697 2030 ³.
2731 1965 2828 2031 Ita

674 2081 895 2150 effecit
949 2087 1025 2148 ut
1078 2080 1586 2168 philosophiam
1638 2101 1846 2172 quam
1901 2080 2139 2148 multis
2203 2081 2368 2148 locis
2402 2080 2448 2165 ⁴,
2489 2080 2560 2148 in
2611 2099 2828 2168 eoque

677 2196 987 2285 inprimis
1045 2194 1218 2262 libro
1284 2195 1400 2284 qui
1459 2197 1877 2264 Hortensius
1943 2196 2315 2285 inscriptus
2372 2202 2513 2279 est,
2575 2195 2828 2262 collau-

675 2311 975 2394 daverat,
1028 2311 1263 2380 multis
1321 2310 1636 2400 probaret
1704 2310 2374 2398 commendaretque.
2437 2312 2582 2388 Quo
2641 2311 2825 2379 enim

672 2426 878 2496 modo
945 2432 1227 2517 possent
1298 2426 1517 2495 invidi
1584 2426 2079 2516 vituperatores
2144 2447 2287 2494 non
2353 2426 2688 2495 confutari
2762 2433 2828 2494 et

672 2543 991 2611 benevoli
1021 2542 1493 2631 objurgatores
1523 2562 1668 2610 non
1695 2543 1949 2630 placari
1979 2545 2024 2627 ⁵,
2056 2563 2214 2610 cum
2238 2543 2468 2611 Cicero
2491 2550 2558 2610 et
2587 2543 2822 2610 utilem

671 2655 1180 2745 philosophiam
1209 2677 1361 2725 esse
1405 2656 1823 2739 ostenderet,
1859 2662 1927 2725 et
1958 2654 2043 2726 de
2073 2657 2280 2725 rebus
2311 2656 2618 2725 obscuris
2657 2658 2826 2725 dilu-

574 2784 577 2788 ’
672 2771 844 2852 cide,
899 2771 1217 2860 graviter,
1266 2778 1501 2840 ornate
1557 2771 1816 2840 diceret
1857 2775 1905 2854 ⁶,
1959 2777 2028 2840 et
2073 2793 2192 2840 cur
2246 2774 2552 2862 legerent
2593 2780 2827 2862 poetas

672 2887 947 2971 latinos,
983 2885 1339 2976 splendide
1381 2887 1781 2975 loquentem
1831 2888 2123 2956 latinum
2163 2889 2654 2980 philosophum
2688 2911 2825 2958 non

670 3003 979 3092 legerent
1005 3002 1277 3070 Graecis
1314 3002 1560 3071 litteris
1599 3002 1904 3071 eruditos
1942 3011 2210 3092 rogaret
2237 3005 2299 3069 ⁷?

669 3230 825 3296 disp„
856 3237 903 3295 2,
929 3236 977 3296 2,
1005 3237 1063 3296 4;
1100 3237 1146 3294 5,
1178 3237 1225 3296 4,
1251 3236 1339 3296 11;
1370 3237 1522 3296 5,11,
1555 3236 1643 3296 33;
1675 3233 1738 3283 de
1768 3233 1892 3283 Nat.
1925 3233 2162 3294 deorum,
2195 3236 2240 3297 1,
2272 3236 2403 3295 1,1;
2435 3238 2479 3296 1,
2509 3237 2557 3296 3,
2601 3237 2738 3298 631,
2769 3238 2823 3294 53

670 3303 733 3351 de
760 3304 884 3366 off„
916 3307 962 3364 2,
994 3307 1042 3365 2,
1071 3307 1173 3354 7-8.

735 3375 777 3421 1.
808 3373 885 3422 De
912 3374 1025 3438 off„
1058 3377 1103 3436 1,
1128 3378 1176 3436 2,
1202 3379 1249 3424 6.

733 3445 780 3490 2.
812 3443 888 3492 De
913 3444 1025 3508 fin„
1058 3447 1098 3502 1,
1128 3448 1175 3505 5,
1209 3448 1283 3496 13.

734 3515 781 3562 3.
810 3513 930 3564 Vid.
956 3514 1020 3565 de
1048 3516 1117 3564 Re
1129 3515 1302 3579 publ„
1325 3519 1367 3574 2,
1400 3519 1477 3577 11,
1504 3517 1676 3565 21-22.
1694 3543 1758 3552 -
1778 3516 1853 3566 Cf.
1881 3516 2229 3578 Thiaucourt,
2255 3516 2410 3566 Essai
2430 3531 2526 3566 sur
2545 3516 2618 3565 les
2639 3517 2828 3566 truite-s·

666 3581 823 3646 phil„
864 3599 915 3646 p.
961 3588 1126 3648 19-20,
1158 3589 1213 3635 et
1249 3586 1341 3636 Ch.
1380 3587 1446 3636 de
1476 3588 1756 3644 Remusat,
1787 3587 2010 3650 Prdface
2037 3587 2112 3636 du
2146 3606 2172 3632 α
2205 3587 2271 3636 de
2303 3587 2537 3648 Legibus
2569 3606 2593 3632 »
2632 3588 2686 3636 in
2718 3587 2841 3637 Cic.-

671 3655 926 3715 operibus
947 3671 978 3706 a
1008 3657 1067 3706 D.
1096 3657 1290 3706 Nisard
1320 3658 1500 3720 editis,
1528 3659 1635 3708 vol.
1667 3658 1754 3719 IV,
1787 3672 1840 3720 p.
1871 3659 1964 3709 356
2008 3671 2126 3725 sqq.
2175 3658 2427 3721 (OEuvres
2454 3657 2730 3722 complete-s·
2767 3658 2830 3708 de

675 3724 779 3774 Cic.
810 3741 932 3776 avec
957 3727 1010 3776 la
1039 3728 1339 3778 traduction
1364 3743 1425 3778 en
1456 3729 1718 3793 franpais,
1750 3729 1914 3792 PariS,
1949 3730 2250 3790 Dubochet,
2280 3732 2421 3791 1850,
2453 3733 2480 3779 5
2512 3731 2660 3791 voh).

734 3799 782 3846 4.
812 3797 968 3848 Verbi
990 3811 1169 3859 causa,
1197 3799 1304 3849 huc
1335 3801 1477 3849 Tusa.
1500 3801 1656 3863 disp„
1682 3801 1730 3858 3,
1762 3803 1805 3858 1,
1833 3802 1887 3862 1;
1915 3803 1962 3862 3,
1988 3803 2037 3860 3,
2067 3803 2124 3863 63
2153 3803 2198 3861 5,
2226 3802 2256 3849 2
2293 3801 2643 3850 adducemus

734 3869 779 3916 5.
812 3867 887 3916 Cf.
916 3867 979 3918 de
1008 3869 1130 3917 Nat.
1156 3869 1384 3927 deorum,
1415 3873 1461 3931 1,
1488 3873 1534 3927 3,
1569 3872 1614 3919 5.
2422 3874 2424 3877 ’

734 3941 780 3987 6.
816 3939 949 3990 Vide
984 3953 1116 4004 quas
1153 3941 1256 3990 sibi
1292 3942 1407 4004 ipse
1437 3942 1624 3992 laudes
1661 3943 1730 3992 M.
1761 3942 1966 3992 Tullius
2001 3942 2222 4004 tribuat,
2259 3942 2392 3992 alios
2419 3942 2635 4004 quidem
2671 3941 2826 3990 indu-

673 4009 845 4058 cendo
876 4011 1170 4074 loquentem,
1205 4010 1270 4060 de
1301 4011 1371 4060 Re
1393 4010 1562 4075 publ„
1594 4014 1638 4074 1,
1669 4013 1747 4073 23,
1779 4015 1867 4073 373
1899 4013 1963 4062 de
1991 4014 2114 4062 Nat.
2145 4013 2380 4075 deorum,
2408 4014 2452 4074 1,
2483 4014 2562 4073 21,
2589 4010 2666 4060 58.

734 4081 778 4129 7.
805 4079 973 4130 Acad.
1003 4083 1162 4144 post„
1184 4084 1229 4143 1,
1251 4085 1298 4144 3,
1326 4084 1411 4144 103
1438 4081 1502 4132 de
1529 4081 1668 4144 Fin„
1697 4085 1742 4143 1,
1771 4085 1818 4145 2,
1844 4086 1902 4145 6;
1936 4087 1977 4142 1,
2011 4087 2057 4149 3,
2089 4084 2137 4132 7.
