3100 5042
1573 523 1895 586 —32-

661 658 973 748 plerique
1017 657 1412 748 diligentius
1449 677 1657 747 quam
1697 679 1821 747 pro
1866 660 2019 748 ejus
2055 659 2129 728 in
2172 682 2247 732 re
2285 662 2557 753 publica
2598 665 2834 756 digni-

661 780 798 844 tate
837 775 1232 844 Ciceronem
1272 773 1755 860 honestabant,
1786 773 2136 863 fovebant,
2172 777 2259 846 ad
2296 799 2372 848 se
2406 780 2825 852 alliciebant.

658 890 790 958 Alii
833 889 1020 958 enim
1066 889 1198 957 civi
1248 887 1609 977 eidemque
1653 890 1964 979 scriptori
2019 891 2579 977 blandiebantur,
2622 904 2703 965 ut
2744 899 2825 966 in

657 1007 886 1096 aliquo
936 1005 1267 1073 librorum
1322 1003 1475 1073 loco
1533 1005 2029 1092 intexerentur,
2090 1015 2207 1076 aut
2256 1009 2559 1098 aliquem
2606 1012 2693 1080 ad
2750 1035 2827 1084 se

657 1123 946 1190 missum
991 1120 1243 1188 librum
1297 1121 1704 1210 acciperent.
1749 1122 1879 1188 Alii
1934 1143 1975 1190 a
2019 1124 2329 1213 partibus
2377 1129 2523 1196 suis
2576 1149 2823 1201 averso

656 1235 1135 1326 indulgebant,
1189 1256 1301 1319 ne,
1348 1257 1482 1324 qua
1529 1242 1677 1305 erat
1722 1237 2096 1323 dicacitate,
2139 1241 2527 1328 petulanter
2563 1245 2821 1334 aliquid

655 1362 768 1426 aut
798 1374 1036 1443 aspere
1075 1355 1145 1420 in
1187 1374 1262 1422 se
1305 1353 1580 1422 diceret.
1618 1355 1750 1421 Alii
1785 1353 2085 1446 denique
2123 1395 2213 1410 —
2250 1380 2337 1429 ne
2375 1360 2662 1450 longum
2701 1365 2821 1432 fiat

651 1512 740 1526 -
790 1471 1014 1541 inviso
1064 1472 1409 1540 consulari
1459 1471 1989 1556 satisfaciebant,
2030 1481 2111 1543 ut
2149 1475 2515 1547 familiares
2566 1479 2863 1550 deinde·

650 1592 1088 1678 fautoresque
1133 1590 1266 1676 sui,
1309 1590 1366 1658 si
1414 1587 1485 1656 in
1535 1589 1817 1677 aliquod
1862 1591 2119 1660 crimen
2163 1595 2383 1662 vocati
2439 1605 2694 1681 essent,
2730 1597 2816 1666 ab

649 1708 914 1796 optimo
964 1712 1409 1795 patronorum
1468 1704 1744 1773 defendi
1806 1713 2088 1795 possent
2142 1715 2209 1776 et
2264 1712 2541 1780 servari.
2595 1712 2816 1790 Quare

649 1826 736 1892 M.
793 1824 1080 1905 Tullius,
1134 1822 1432 1891 maxime
1479 1829 1637 1911 post
1687 1823 2008 1909 reditum,
2050 1845 2208 1892 cum
2262 1828 2588 1897 continuo
2646 1851 2812 1919 ope-

650 1959 794 2008 ram
836 1939 1028 2007 daret
1065 1959 1155 2007 ne
1194 1939 1463 2026 ingrato
1497 1959 1651 2006 esse
1686 1940 1918 2008 animo
1947 1940 2316 2023 videretur,
2350 1943 2563 2012 immo
2603 1945 2809 2014 etiam

646 2075 721 2124 se
774 2054 1358 2123 humanissimum
1407 2052 1627 2122 videri
1674 2055 1925 2138 vellet,
1971 2056 2227 2125 multos
2277 2057 2615 2145 defendit,
2661 2068 2809 2128 tum

643 2170 902 2259 optime
959 2168 1147 2257 ipsos
1197 2166 1281 2237 de
1346 2189 1421 2236 se
1477 2169 1787 2254 meritos,
1849 2176 1997 2238 tum
2052 2171 2233 2241 bene
2290 2172 2375 2241 de
2422 2193 2497 2242 se
2544 2176 2807 2244 meritis

641 2287 926 2367 amicos,
957 2290 1128 2368 tum,
1164 2285 1446 2354 Caesare
1485 2291 1605 2353 aut
1648 2285 1970 2375 Pompeio
1992 2286 2307 2375 jubente,
2343 2289 2459 2376 qui
2497 2310 2587 2358 ne
2615 2289 2805 2359 beni-

640 2403 756 2493 gni
788 2401 1068 2491 quidem
1109 2402 1404 2470 fuissent
1431 2401 1828 2470 exsulaturo
1869 2400 1999 2471 sibi
2037 2409 2154 2471 aut
2183 2404 2547 2473 exsulanti.
2581 2407 2802 2495 Atque

639 2518 854 2586 nimia
890 2517 1210 2586 facilitate
1239 2516 1605 2605 impulsus,
1640 2516 1843 2584 etiam
1888 2517 2189 2586 nefarios
2230 2519 2551 2588 homines
2587 2521 2799 2590 tuitus

637 2639 743 2701 est
778 2635 822 2698 ¹.

725 2747 1040 2836 Exempli
1102 2766 1308 2814 causa
1371 2766 1547 2834 quae
1605 2747 1961 2816 Caesarem
2018 2749 2197 2817 inter
2271 2757 2338 2818 et
2394 2752 2794 2822 Ciceronem

635 2863 1105 2933 intercesserit
1169 2861 1607 2931 necessitudo
1674 2864 2038 2934 enucleare
2088 2886 2463 2954 possumus
2490 2870 2536 2936 ².
2600 2869 2795 2937 Post-

635 3001 841 3070 quam
890 2980 1074 3048 enim
1126 2980 1394 3063 Caesar,
1447 2978 1615 3045 dum
1673 2980 1746 3046 in
1802 2979 1950 3049 foro
2008 3001 2167 3049 eum
2227 2984 2396 3051 ratio
2445 2984 2786 3054 honorum

632 3104 844 3182 tenet,
895 3097 1149 3165 multas
1199 3096 1338 3184 egit
1387 3115 1629 3164 causas
1682 3116 1835 3163 cum
1896 3096 2220 3166 Cicerone
2260 3101 2305 3184 ³,
2350 3102 2793 3188 praestantis—

632 3215 885 3281 simum
935 3213 1140 3302 hujus
1197 3212 1555 3301 ingenium
1599 3210 2120 3300 mirandamque
2169 3212 2443 3282 dicendi
2504 3220 2572 3282 et
2620 3219 2788 3284 scri-

629 3326 839 3396 bendi
879 3335 1094 3395 artem
1144 3325 1464 3394 laudibus
1502 3327 1741 3394 efferre
1787 3347 1930 3394 non
1979 3325 2205 3396 desiit.
2250 3328 2514 3418 Quippe
2562 3337 2790 3400 orator

693 3547 738 3594 1.
778 3545 1055 3595 Vatinium
1092 3544 1292 3606 ipsum,
1333 3556 1493 3605 quem
1544 3542 1868 3593 mirantibus
1916 3543 2169 3595 omnibus
2218 3543 2535 3594 defenderat
2580 3543 2783 3602 Cicero,

629 3619 1000 3680 susceptarum
1036 3630 1067 3665 a
1106 3615 1359 3664 Cicerone
1403 3627 1691 3663 causarum
1724 3616 1991 3677 pudebat3
2034 3615 2147 3665 vid.
2176 3616 2366 3679 Epist„
2397 3619 2445 3675 5,
2481 3617 2578 3674 10⁸,
2610 3617 2653 3663 1.
2688 3614 2783 3662 Hic

629 3690 805 3736 autem
839 3688 972 3737 tales
1002 3701 1059 3736 se
1087 3687 1289 3736 habere
1318 3686 1589 3735 orationes
1616 3698 1772 3745 aegre
1798 3686 2020 3747 ferebat,
2052 3700 2381 3750 quamquam
2408 3685 2607 3736 multos
2626 3689 2787 3734 antea

626 3774 658 3808 a
699 3773 756 3809 se
784 3763 1123 3821 contemptos
1166 3763 1260 3807 aut
1299 3757 1617 3808 defenderat
1645 3763 1736 3806 aut
1781 3757 2074 3808 defendere
2107 3759 2465 3820 cogitaveram
2490 3771 2599 3820 qua
2629 3756 2696 3806 de
2725 3769 2783 3805 re

624 3830 749 3880 vide
792 3831 1110 3890 Brueckner‚
1155 3829 1332 3879 Cicero
1361 3843 1484 3878 num
1536 3827 1827 3877 Catilinam
1868 3830 2279 3892 repetundarum
2313 3844 2460 3878 reum
2504 3825 2783 3890 defendit?

624 3901 910 3962 Suidnicii‚
945 3902 1082 3949 1844.

684 3973 730 4020 2.
761 3971 881 4022 Vid.
920 3972 1167 4032 inprimis
1198 3971 1430 4022 Boissier
1458 3974 1621 4033 caput
1650 3971 1793 4032 quod
1836 3970 2154 4022 inscribitur
2194 3969 2348 4020 Cesar
2380 3973 2431 4020 et
2462 3969 2698 4031 Cicer-on,
2729 3973 2783 4019 et

622 4043 941 4103 Mommsen,
962 4042 1191 4091 Histoire
1207 4043 1462 4102 romaine‚
1485 4041 1723 4090 traduite
1738 4056 1843 4106 par
1859 4042 2002 4093 C.-A.
2020 4041 2337 4104 Alexandre,
2364 4041 2531 4103 PariS,
2552 4041 2779 4100 Franck‚

627 4113 1054 4173 1863-18723v01.
1085 4113 1191 4174 vll,
1228 4127 1276 4174 p.
1316 4114 1538 4173 150-151,
1571 4111 1678 4161 162.

686 4186 732 4234 3.
764 4185 868 4233 Pro
895 4184 1090 4249 Liqar„
1120 4187 1194 4242 10,
1234 4186 1311 4233 30.
