3100 5042
1208 483 1566 565 '—81-·-

332 640 642 724 Brutus¹,
698 636 993 717 CaeliuS‚
1051 637 1345 723 Hirtius,
1415 639 1679 722 Pansa,
1741 638 2052 720 CassiuS,
2109 638 2484 724 Dolabella,

330 751 996 840 Plancus'quicquid
1023 752 1453 839 eloquentiae
1479 752 1805 838 habuere,
1829 773 1868 820 a
1886 753 2208 821 Cicerone
2237 752 2491 822 habue-

329 877 514 940 runt.
550 871 734 948 Quos
763 868 876 936 vel
915 867 983 934 in
1026 867 1253 935 media
1290 874 1533 954 aetate,
1571 869 1681 936 vel
1718 869 1790 936 in
1829 875 2180 936 senectute
2220 867 2482 956 docuit3

338 1013 371 1050 «
430 985 591 1076 quid
648 985 837 1052 enim
892 989 997 1051 est
1054 982 1454 1070 jucundius,
1524 985 1774 1072 inquit,
1838 990 2188 1054 senectute
2245 986 2488 1073 stipata

331 1102 575 1170 studiis
607 1098 1079 1189 juventutis?³
1107 1125 1137 1160 »
1697 1181 1703 1186 Ι

420 1215 553 1286 Sed
605 1236 747 1284 non
799 1214 1295 1303 jucunditatem
1348 1221 1610 1283 tantum
1657 1214 2027 1304 discipulos
2083 1216 2486 1305 excipiendo

330 1331 872 1401 consectabatur.
900 1332 1269 1420 Postquam
1298 1330 1483 1398 enim
1513 1329 1956 1399 instituendis
1982 1331 2118 1399 illis
2154 1333 2482 1420 majorem

332 1451 582 1518 famam
614 1449 1020 1537 quaesierat,
1046 1448 1118 1514 in
1145 1445 1524 1516 eorundem
1557 1448 1908 1516 voluntate
1939 1469 2132 1537 spem
2165 1448 2479 1518 habebat.

332 1595 365 1629 «
399 1569 488 1635 Te
516 1586 684 1654 rogo
722 1592 781 1647 »,
808 1565 1029 1651 inquit
1061 1562 1147 1630 ad
1178 1563 1247 1631 C.
1285 1563 1652 1632 Curionem
1684 1564 1992 1632 scribens
2012 1565 2056 1648 ⁴,
2089 1592 2121 1626 «
2147 1571 2222 1633 ut
2251 1567 2488 1634 memi-

332 1683 537 1767 neriS,
562 1687 1155 1770 quantaecumque
1190 1679 1307 1747 tibi
1334 1680 1761 1748 accessiones
1790 1679 1956 1748 fient
1986 1687 2054 1748 et
2077 1680 2390 1749 fortunae
2421 1686 2489 1749 et

332 1796 702 1887 dignitatis,
754 1815 869 1862 eas
908 1799 975 1862 te
1014 1814 1155 1861 non
1200 1795 1503 1882 potuisse
1552 1793 1902 1882 consequi,
1939 1793 2071 1862 nisi
2107 1795 2278 1862 meis
2321 1814 2491 1883 puer

332 1913 491 1981 olim
547 1909 963 1978 fidelissimis
1002 1915 1206 1998 atque
1248 1910 1732 1977 amantissimis
1772 1908 2078 1978 consiliis
2116 1910 2479 1998 paruisses.

331 2027 549 2104 Quare
597 2025 730 2092 hoc
773 2025 1003 2092 animo
1041 2024 1113 2090 in
1160 2045 1291 2092 nos
1332 2043 1483 2092 esse
1526 2023 1848 2118 debebis,
1903 2031 1974 2091 ut
2021 2031 2205 2093 aetas
2253 2031 2488 2092 nostra

326 2143 465 2231 jam
522 2141 1001 2228 ingravescens
1062 2140 1133 2206 in
1176 2159 1409 2207 amore
1457 2147 1660 2228 atque
1722 2140 1791 2206 in
1849 2138 2317 2207 adulescentia
2369 2147 2486 2207 tua

333 2256 791 2345 conquiescat.
848 2282 881 2316 »
932 2254 1106 2333 Quid
1159 2261 1386 2323 autem
1438 2254 1523 2324 de
1571 2254 2184 2323 declamationibus
2235 2254 2478 2338 dicam,

333 2372 583 2461 quibus
618 2370 874 2439 amicos
914 2370 1242 2456 Caesaris,
1285 2391 1441 2439 cum
1486 2372 1731 2438 Caesar
1776 2371 2007 2438 omnia
2044 2375 2298 2459 posset,
2338 2371 2482 2439 elo·

332 2488 685 2578 quentiam
724 2485 1053 2554 docebat?
1095 2514 1127 2548 «
1180 2486 1376 2556 Haud
1425 2507 1580 2554 amo
1639 2486 1748 2555 vel
1797 2487 1926 2554 hos
1981 2486 2376 2583 designatos
2421 2514 2478 2569 »,

331 2603 554 2691 inquit
583 2602 875 2669 Hirtium
909 2607 974 2669 et
1002 2602 1292 2669 Pansam
1324 2602 1742 2690 significans,
1792 2627 1826 2664 «
1863 2601 1979 2690 qui
2017 2603 2222 2671 etiam
2255 2602 2484 2672 decla-

330 2737 518 2785 mare
580 2736 689 2784 me
738 2719 1145 2805 coegerunt⁵
1180 2743 1239 2782 ».
1294 2718 1376 2783 At
1425 2736 1706 2785 necesse
1753 2737 1903 2785 esse
1961 2718 2239 2807 putabat
2299 2719 2478 2802 illos,

334 2830 890 2918 Dolabellamque
948 2837 1016 2899 et
1074 2831 1446 2917 Cassium‘,
1520 2831 1703 2919 apud
1763 2852 1837 2900 se
1895 2831 2354 2917 declamitare,
2409 2853 2485 2901 se

330 2944 507 3034 apud
554 2945 709 3014 illos
750 2946 1044 3013 cenitare
1073 2947 1119 3030 ⁷,
1165 2951 1237 3012 ut
1284 2965 1357 3014 se
1400 2965 1604 3034 quam
1647 2947 1942 3014 maxime
1982 2947 2298 3014 familiari
2356 2949 2482 3015 suo

333 3060 594 3129 Caesari
645 3061 1144 3130 conciliarent⁸.

396 3299 439 3346 1.
473 3297 641 3357 Brut„
671 3297 713 3352 6.
750 3296 827 3344 23.
1973 3307 1978 3312 ·

392 3369 439 3416 2.
473 3367 607 3416 Vide
638 3365 871 3428 Ellendt,
901 3365 1035 3416 Hist.
1070 3364 1395 3430 eloquentiae
1422 3379 1574 3424 rom„
1606 3379 1657 3428 p.
1685 3369 1762 3416 61.
1795 3365 2058 3416 Calidium
2091 3377 2305 3427 quoque
2334 3364 2480 3415 Cice·

334 3439 479 3488 ronis
522 3437 843 3500 discipulum
880 3437 1047 3486 fuisse
1083 3439 1356 3486 asseverat
1398 3435 1680 3498 Lantoine,
1725 3437 1789 3485 cle
1831 3437 1902 3485 M.
1938 3435 1988 3485 T.
2026 3435 2131 3485 Cic.
2177 3438 2362 3485 contra
2400 3451 2476 3488 or.

332 3511 439 3559 Act.
476 3509 635 3572 disp„
666 3523 717 3571 p.
754 3511 831 3558 46.

391 3582 437 3629 3.
465 3578 594 3628 Cato
620 3579 772 3642 maj„
801 3581 849 3639 9,
876 3580 954 3628 29.

392 3653 436 3698 4.
467 3650 652 3713 Epis-t„
682 3652 728 3709 2,
751 3653 796 3709 1,
828 3652 875 3699 2.

390 3725 436 3770 5.
467 3721 550 3769 Ad
574 3721 705 3780 Aet„
735 3723 810 3777 14,
844 3723 917 3775 12,
955 3721 1001 3769 2.

390 3794 435 3841 6.
470 3791 658 3853 Epist„
690 3794 736 3850 7,
762 3791 837 3852 33,
868 3792 913 3840 2.
937 3791 1107 3839 Immo
1128 3791 1195 3839 ad
1220 3787 1548 3838 Dolabellam
1577 3788 1778 3839 librum
1797 3790 2034 3854 aliquem
2063 3791 2276 3841 mittere
2301 3790 2480 3854 cupie-

329 3862 420 3912 bat
449 3862 611 3911 simul
641 3873 741 3911 nec
769 3861 1003 3912 audebat
1024 3879 1037 3910 ε
1065 3883 1085 3901 «ι
1118 3861 1249 3911 Volo
1272 3860 1575 3910 Dolabellae
1593 3860 1750 3910 valde
1773 3861 2121 3922 desideranti,
2144 3874 2252 3909 non
2271 3861 2480 3923 reperio

329 3932 479 3996 quid,
497 3933 723 3990 ,etsimul
747 3933 980 3998 αἰδέομαι
1003 3933 1200 3998 Τρῶας,
1223 3945 1414 3994 neque,
1432 3933 1477 3980 si
1499 3932 1724 3995 aliquid,
1743 3936 1930 3995 potero
1958 3932 2145 3999 μέμψιν
2171 3931 2428 3993 effugere.
2454 3953 2474 3972 ι·

332 4003 432 4065 (Ad
463 4004 595 4065 Act„
618 4005 693 4064 13,
726 4005 804 4064 13,
831 4005 887 4064 2;
922 4004 987 4052 cl'.
1026 4006 1099 4062 13,
1136 4005 1209 4065 10,
1232 4003 1301 4065 2.)

394 4076 441 4124 ·1.
471 4073 660 4138 Epist„
690 4076 738 4136 9,
770 4077 846 4137 16,
872 4078 925 4136 Ἲς
958 4077 1005 4134 9,
1030 4077 1073 4132 τ,
1113 4078 1155 4123 1.

394 4146 439 4192 8.
469 4144 659 4207 Epist„
680 4146 724 4203 9,
763 4146 837 4206 18,
868 4149 922 4204 1,
949 4147 996 4205 6,
1027 4148 1103 4207 12,
1132 4148 1177 4194 2.
1204 4173 1266 4182 -
1294 4143 1584 4196 Interfecto
1623 4146 1866 4206 Caesare,
1898 4145 2082 4196 Cicero
2109 4158 2290 4196 amore
2320 4158 2479 4195 cona-

478 4234 654 4292 RtoAt.
2161 4235 2193 4289 6
