3100 5042
1287 438 1607 502 ...43-

367 568 577 640 laude
627 572 1037 658 afficiamus,
1099 594 1235 660 qua
1289 581 1605 642 sanctum
1662 594 1917 643 nomen
1974 583 2213 662 poetae
2260 575 2529 664 praedi-

367 695 584 768 catur,
633 685 1110 776 Homerusque
1157 693 1225 756 et
1271 689 1536 757 Ennius
1581 689 2009 758 celebrantur
2038 691 2081 758 ¹.
2134 690 2527 759 Ciceronem

365 811 603 871 tamen
643 819 1122 892 agnoscamuS,
1158 803 1420 889 timide,
1453 811 1530 872 ut
1561 805 1651 871 ita
1690 803 1936 887 dicam,
1981 803 2333 886 audacem,
2366 809 2531 872 tunc

365 919 574 988 etiam
609 939 765 986 cum
790 917 1010 1006 plebis
1039 937 1320 986 sensum
1352 917 1813 1008 redargueret,
1842 918 2272 1006 aliquatenus
2300 938 2529 988 errore

367 1034 559 1122 vulgi
603 1033 885 1102 ductum
933 1054 1106 1102 esse.
1142 1034 1312 1102 Nam
1351 1053 1428 1102 se
1477 1033 1857 1102 subsecivis
1906 1039 2167 1101 tantum
2213 1033 2401 1102 horis
2439 1032 2525 1101 ad

366 1149 627 1237 optima
675 1149 900 1216 studia
949 1148 1255 1216 deditum
1295 1169 1447 1218 esse
1483 1150 1921 1232 asseveravit,
1970 1154 2040 1217 et
2085 1149 2239 1216 ideo
2285 1149 2412 1216 sibi
2456 1156 2528 1217 ut

365 1264 538 1332 illud
617 1263 1106 1334 concederetur
1170 1265 1467 1352 rogavit,
1534 1263 1720 1352 quod
1782 1284 1871 1332 ex
1927 1264 2035 1334 his
2097 1263 2341 1332 studiis
2411 1264 2526 1333 illa

365 1401 642 1469 quoque
679 1387 1011 1448 cresceret
1047 1381 1261 1448 oratio
1299 1386 1366 1450 et
1403 1381 1689 1450 facultas
1730 1399 1903 1469 quae
1934 1401 2315 1470 numquam
2355 1381 2526 1448 ami-

366 1517 604 1564 corum
650 1496 971 1585 periculis
1015 1495 1348 1564 defuisset
1376 1497 1421 1564 ².
1470 1523 1502 1558 «
1547 1496 1821 1564 Ceteros
1860 1496 2135 1592 pudeat,
2175 1497 2422 1594 inquit,
2467 1497 2524 1564 si

365 1613 481 1700 qui
510 1613 605 1679 ita
643 1631 716 1680 se
743 1612 984 1679 litteris
1015 1611 1456 1696 abdiderunt,
1485 1617 1561 1679 ut
1590 1611 1766 1680 nihil
1796 1611 2061 1700 possint
2089 1630 2173 1678 ex
2194 1612 2278 1680 iis
2298 1631 2525 1698 neque

366 1727 450 1793 ad
527 1746 966 1795 communem
1036 1726 1275 1794 afferre
1341 1726 1665 1811 fructum,
1738 1745 1960 1814 neque
2034 1725 2105 1792 in
2173 1730 2523 1814 aspectum

363 1844 726 1930 lucemque
783 1842 1084 1931 proferre
1114 1845 1159 1910 ³.
1193 1845 1253 1904 '»
1312 1843 1399 1908 At
1457 1843 1627 1930 ipse,
1690 1841 1856 1909 dum
1912 1840 2079 1908 utile
2138 1859 2290 1908 esse
2347 1839 2525 1927 opti-

362 1979 632 2026 marum
677 1957 923 2026 artium
963 1956 1268 2024 studium
1309 1957 1609 2043 disserit,
1646 1955 1810 2045 quid
1850 1958 2071 2045 majus
2114 1955 2527 2044 graviusque

364 2074 705 2155 afferrent,
769 2094 902 2160 qua
959 2075 1220 2142 ratione
1276 2073 1595 2140 homines
1642 2073 1761 2141 illo
1827 2072 2190 2141 hominum
2245 2070 2524 2138 nomine

364 2189 708 2278 digniores
737 2188 1106 2271 efficerent,
1146 2209 1224 2256 ac
1253 2189 1911 2276 praestantissimum
1941 2207 2285 2276 quemque
2322 2185 2523 2274 jube-

361 2312 514 2372 rent
544 2305 728 2392 quod
761 2305 828 2371 in
863 2324 936 2372 se
966 2304 1302 2392 optimum
1331 2303 1615 2372 haberet
1646 2324 1801 2370 cum
1829 2303 2063 2370 multis
2092 2303 2184 2370 ita
2214 2323 2522 2369 commu-

362 2419 616 2505 nicare,
669 2424 744 2486 ut
794 2419 996 2487 altius
1052 2418 1619 2508 proveherentur,
1672 2416 2077 2506 imprudens
2134 2414 2523 2505 prudensve

361 2535 836 2622 praetermisit.

432 2649 704 2728 ‚Omnes
735 2669 776 2716 a
804 2649 1126 2717 Cicerone
1154 2654 1310 2738 post
1337 2649 1652 2718 Archiam
1688 2647 2049 2717 defensum
2080 2647 2341 2714 habitas
2372 2664 2523 2714 ora-

360 2767 580 2834 tiones
645 2765 932 2854 longum
991 2769 1095 2832 est
1148 2765 1466 2853 persequi
1520 2771 1591 2836 et
1650 2765 1925 2847 inutile;
1980 2765 2049 2831 in
2097 2763 2348 2852 quibus
2394 2761 2521 2830 etsi

360 2901 702 2970 nusquam
777 2879 1324 2948 extollendarum
1384 2881 1615 2950 verbis
1673 2881 2051 2949 litterarum
2124 2877 2519 2968 huJ’usmodi

359 2997 552 3064 locus
604 2994 827 3078 datur,
881 3014 1020 3060 non
1070 2995 1215 3080 Jam
1274 2993 1537 3062 dubitat
1585 2995 1671 3061 M.
1726 2995 1985 3062 Tullius
2049 3013 2199 3062 sese
2248 2991 2517 3073 litteris,

268 3167 273 3170 .
360 3111 571 3176 immo
645 3109 906 3198 graecis
965 3109 1208 3176 litteris
1283 3107 1629 3176 eruditum
1697 3106 2093 3193 ostendere3
2163 3112 2365 3194 atque
2430 3107 2522 3172 ita

360 3227 602 3294 fatetur
657 3230 774 3292 aut
828 3224 1056 3313 potius
1104 3225 1432 3312 gloriatur
1479 3244 1555 3293 se
1611 3225 1769 3313 plus
1816 3244 2024 3312 quam
2066 3228 2351 3307 ceterOS,
2404 3223 2520 3310 qui

358 3360 571 3428 aeque
616 3344 817 3426 atque
877 3339 1022 3427 ipse
1079 3339 1218 3406 sint
1264 3341 1597 3428 occupati,
1641 3341 1897 3408 versari
1950 3340 2019 3407 in
2064 3338 2291 3408 studio
2338 3339 2520 3406 litte-

356 3475 586 3523 rarum
606 3454 651 3538 ⁴,
686 3459 760 3521 ut
789 3475 914 3522 suo
952 3453 1314 3540 desiderio,
1349 3474 1503 3522 cum
1531 3457 1895 3538 exsularet,
1930 3455 2160 3523 omnia
2184 3455 2521 3524 honarum

357 3571 606 3638 artium
658 3571 883 3638 studia
929 3570 1201 3639 siluisse
1248 3571 1540 3640 affirmet
1569 3575 1611 3640 ⁵.
1665 3573 1805 3641 Nec
1862 3592 2058 3642 secus
2112 3592 2351 3640 eorum
2398 3591 2527 3658 pro

423 3809 469 3854 1.
501 3806 547 3867 8,
581 3807 664 3855 18-
670 3807 748 3856 19.

417 3879 464 3925 2.
501 3880 545 3936 6,

419 3951 545 4005 3.6,
581 3950 656 3996 12.

417 4020 465 4066 4.
497 4020 570 4066 De
603 4018 817 4082 harusp.
852 4033 1113 4082 responso,
1143 4023 1188 4081 9,
1219 4020 1297 4068 18.

417 4092 461 4137 5.
495 4089 558 4138 In
587 4089 648 4140 P.
688 4089 958 4138 Vatinium
995 4093 1172 4140 testem
1206 4091 1479 4154 interroq„
1510 4091 1557 4150 3,
1589 4091 1639 4140 8.
