3100 5042
1285 495 1605 558 -53-

370 628 695 711 imitatuS,
748 628 1011 716 primus
1066 629 1372 698 fortasse
1401 649 1582 698 nova
1629 632 1855 719 poesis
1908 633 2126 718 forma
2177 637 2522 706 Romanos

370 742 648 812 donavit
690 745 741 826 ¹3
776 743 998 831 quin,
1050 743 1356 832 vestigiis
1407 743 1817 814 Graecorum
1863 745 2174 833 desertiS,
2225 750 2524 819 Ennium

368 863 644 928 secutus
682 858 970 925 Marium
1007 859 1277 926 ornavit
1302 859 1350 942 ³,
1384 859 1924 929 immansuetum
1953 862 2230 950 quidem
2265 867 2520 953 virum,

368 975 487 1043 sed
519 975 637 1062 qui
672 974 963 1062 Arpinas
1002 978 1076 1040 ut
1105 973 1251 1062 ipse
1280 973 1545 1058 fuisset,
1582 965 1952 1064 homoque,
1983 984 2056 1064 ut
2086 978 2255 1067 ipse,
2292 1000 2518 1050 novus

366 1109 721 1158 summum
769 1088 840 1155 in
890 1088 1161 1156 civitate
1214 1088 1444 1156 locum
1502 1089 1944 1176 obtinuisset,
2003 1093 2515 1183 popularisque,

365 1206 471 1273 cui
515 1209 683 1286 tunc
721 1204 867 1292 ipse
912 1203 1197 1289 faveret,
1239 1203 1556 1273 factionis
1606 1207 1926 1296 princeps
1965 1207 2520 1280 veldemortuus

363 1319 751 1388 haberetur.
804 1321 965 1388 Tam
1016 1319 1269 1387 multos
1320 1326 1546 1388 autem
1597 1341 1841 1390 versus
1885 1344 2262 1413 properans
2309 1331 2399 1412 et,
2441 1332 2517 1395 ut

364 1436 451 1504 ita
483 1434 730 1515 dicam,
767 1439 957 1504 stans
995 1434 1167 1524 pede
1208 1435 1282 1502 in
1324 1456 1463 1504 uno
1494 1457 1654 1504 cum
1686 1438 2166 1525 conscriberet,
2209 1461 2349 1508 non
2382 1441 2510 1510 sibi

363 1551 481 1618 uni
511 1550 821 1640 placebat
848 1552 894 1635 ³,
928 1548 1050 1619 sed
1090 1558 1328 1638 poetae
1370 1552 1840 1619 Romanorum
1881 1554 2116 1641 optimi
2157 1554 2409 1622 famam
2445 1562 2513 1625 et

364 1665 803 1754 comparavit,
854 1670 946 1749 et,
990 1663 1213 1734 donec
1257 1665 1578 1747 Lucretii,
1627 1666 1908 1750 Catulli,
1949 1668 2227 1756 Vergilii
2269 1689 2510 1739 versus

362 1779 523 1848 editi
553 1786 737 1866 sunt,
772 1779 1065 1848 obtinuit
1092 1782 1137 1848 ⁴.
1165 1780 1425 1858 Quibus
1450 1785 1684 1849 tamen
1718 1801 1874 1848 cum
1903 1781 2242 1850 minorem
2277 1803 2509 1851 curam

362 1894 736 1981 adhiberet,
770 1915 911 1964 non
950 1893 1037 1962 ad
1070 1894 1516 1964 excolendam
1556 1897 1848 1978 Musam,
1893 1895 2016 1966 sed
2057 1895 2145 1964 ad
2177 1897 2508 1986 eloquen-

362 2015 490 2081 tiae
528 2010 811 2079 laudem
852 2009 1479 2100 capessendamque
1524 2031 1672 2079 rem
1715 2011 2057 2101 publicam
2099 2018 2237 2082 tota
2279 2019 2508 2104 mente

362 2127 824 2196 incumbebat.
1056 2206 1063 2214 ,

447 2244 602 2312 Mox
665 2243 877 2326 enim,
946 2242 1215 2312 clavum
1272 2244 1369 2310 rei
1427 2243 1740 2330 publicae
1807 2248 2077 2323 tenenS,
2137 2263 2377 2313 versus
2445 2250 2512 2312 et

260 2447 271 2459 ·
359 2359 630 2428 libellos
672 2378 1082 2448 componere
1122 2357 1407 2444 destitit,
1442 2357 1529 2425 ad
1573 2378 1746 2446 quos
1793 2378 1933 2425 non
1972 2359 2105 2426 nisi
2145 2365 2222 2437 ut
2258 2379 2510 2428 consu-

359 2474 571 2544 latum
615 2476 762 2565 ipse
811 2495 1041 2559 suum,
1086 2474 1596 2563 exstinctosque
1639 2494 1678 2542 a
1725 2492 1799 2541 se
1847 2470 2006 2542 belli
2048 2474 2266 2542 civilis
2313 2475 2510 2564 ignes

359 2590 567 2660 latine
610 2597 678 2660 et
722 2610 995 2680 graece,
1041 2590 1353 2659 versibus
1401 2597 1471 2658 et
1515 2589 1735 2658 soluta
1787 2590 2092 2658 oratione
2139 2591 2507 2661 celebraret

358 2706 545 2776 brevi
592 2713 894 2795 tempore
941 2705 1143 2774 rediit
1184 2724 1400 2793 usque
1450 2725 1531 2774 eo
1578 2712 1756 2774 certe
1797 2704 2060 2793 quoad,
2106 2705 2380 2774 fortuna
2427 2726 2500 2776 se

358 2821 757 2906 inclinante,
807 2820 894 2890 ad
940 2820 1400 2910 gubernacula
1449 2821 1792 2889 Ciceronis
1839 2821 2096 2889 inimici
2143 2820 2493 2907 sederunt,

360 2942 427 3006 et
464 2937 635 3027 ipse,
669 2936 887 3005 exsilii
927 2956 1215 3014 memor,
1249 2955 1488 3005 vocem
1527 2936 1598 3002 in
1631 2935 2182 3004 contentionibus
2210 2936 2501 3024 publicis

359 3051 721 3119 summisit.
772 3051 941 3119 Tum
985 3051 1291 3141 quidem,
1333 3049 1499 3118 dum
1560 3051 1736 3119 ruris
1782 3050 2266 3118 amoenitatem
2308 3046 2495 3119 'salu-

356 3167 809 3255 britatemque
858 3167 1191 3256 sequitur,
1245 3165 1636 3233 intermissa
1688 3164 1912 3232 studia
1957 3169 2033 3231 ut
2078 3162 2164 3232 de
2213 3163 2495 3232 oratoris

417 3429 463 3475 1.
494 3426 734 3488 Elegiam
778 3425 944 3487 enim,
982 3439 1143 3488 quam
1185 3425 1224 3489 †
1260 3424 1646 3475 Taleamastam
1684 3424 1996 3489 inscriptam
2033 3425 2102 3474 M.
2145 3423 2318 3474 Tullio
2357 3423 2496 3474 Cice-

354 3498 473 3548 roni
514 3497 729 3547 Servius
767 3496 1032 3558 attribuit,
1072 3496 1141 3547 ab
1177 3496 1522 3546 adulescente
1556 3500 1715 3559 poeta
1756 3495 2109 3559 compositam
2149 3508 2266 3545 esse
2308 3497 2501 3546 asserit

352 3568 638 3628 Grollmu8‚
667 3582 720 3631 p.
757 3568 852 3618 7-8.
885 3594 949 3604 —
974 3567 1050 3618 Cf.
1090 3566 1299 3628 PlessiS,
1335 3557 1539 3616 Etudes
1567 3581 1665 3616 sur
1693 3568 1964 3630 Properce,
2010 3565 2179 3626 Paria,
2224 3566 2503 3628 Hachette,

354 3640 493 3700 1886,
525 3654 583 3702 p.
617 3641 727 3688 278.

413 3713 460 3759 2.
510 3710 796 3768 GrollmuS,
843 3723 895 3772 p.
942 3710 1105 3770 19-27,
1134 3709 1365 3758 Marium
1407 3708 1681 3759 disserit«
1729 3709 1871 3759 inter
1915 3723 2086 3758 annos
2134 3708 2300 3769 86-83,
2332 3707 2389 3757 id
2419 3711 2501 3758 est

352 3781 495 3831 inter
514 3781 663 3830 Marii
697 3784 924 3830 mortem
948 3785 1003 3829 et
1023 3780 1199 3830 Sullae
1224 3795 1289 3830 ex
1320 3781 1540 3830 Graecia
1567 3778 1801 3830 reditum
1825 3779 2184 3843 compositum
2213 3792 2332 3828 esse
2362 3796 2408 3825 ι».

412 3852 459 3900 3.
492 3850 625 3902 vide
667 3865 804 3913 quae
847 3851 901 3900 in
941 3851 1005 3901 de
1044 3852 1183 3916 Leq„
1230 3853 1271 3911 1,
1320 3853 1364 3911 1,
1415 3854 1461 3911 1,
1502 3852 1569 3901 ab
1612 3850 1787 3901 Attico
1826 3855 1880 3900 et
1918 3850 2117 3908 Quinto
2146 3849 2400 3898 Cicerone
2433 3849 2501 3898 de

351 3935 550 3986 quercu
588 3922 679 3971 illa
710 3922 968 3983 Mariana,
998 3941 1023 3967 α
1052 3926 1165 3972 sata
1200 3923 1415 3984 ingenio
1438 3943 1484 3982 ιο,
1521 3921 1788 3972 dicantur.

412 3994 461 4042 4.
492 3992 763 4043 Plutarchi
788 3993 904 4041 Vita
933 3993 1055 4049 Cic„
1086 3995 1132 4041 2.
1163 3993 1237 4042 De
1271 3992 1525 4043 Cicerone
1558 3996 1716 4055 poeta
1743 3991 1864 4041 vide
1898 3991 2030 4053 quid
2054 3990 2298 4054 judicent
2319 3989 2378 4039 V.
2397 3990 2491 4040 Fa·

350 4069 497 4128 guet,
526 4064 591 4112 de
617 4064 828 4113 Poetica
854 4064 926 4112 M.
960 4062 1118 4112 Tullii
1152 4063 1411 4113 Ciceronis
1440 4063 1723 4125 facultate,
1755 4062 2005 4123 Pictavis,
2042 4063 2180 4123 1856,
2212 4075 2264 4124 p.
2295 4063 2374 4122 48,
2409 4063 2494 4109 52-

351 4137 430 4197 53,
452 4137 508 4184 81
530 4150 546 4195 ;
567 4136 621 4184 et
649 4133 821 4195 Patin,
853 4125 940 4184 Et.
969 4148 1065 4183 sur
1097 4134 1149 4184 la
1174 4135 1346 4198 poesie
1368 4133 1481 4193 lat„
1508 4133 1577 4196 11,
1608 4148 1660 4196 p.
1693 4134 1784 4182 415
1819 4146 1942 4196 sqq.
