3100 5042
1568 472 1889 536 -28-

727 609 1008 678 Silentio
1053 613 1565 698 praetereamus
1594 627 1793 696 quae,
1828 627 1989 675 cum
2033 607 2397 695 Pompeius
2436 612 2505 675 et
2554 607 2797 676 Caesar

639 725 817 794 inter
843 745 920 794 se
949 732 1184 794 essent
1219 723 1604 792 dimicaturi
1642 723 1755 792 vel
1786 721 2213 806 dimicarent,
2247 722 2478 791 Cicero
2510 727 2803 793 senserit

631 847 704 910 et
755 841 990 930 egerit.
1055 838 1522 908 Lamentando
1582 839 1769 906 enim
1822 839 1969 926 ipse
2026 837 2389 908 verebatur
2440 860 2562 924 ne,
2626 841 2799 908 nihil

637 977 792 1026 cum
844 956 1226 1046 proficeret,
1271 955 1475 1022 etiarn
1529 953 1852 1023 dedecori
1904 960 2087 1022 esset
2134 953 2379 1022 studiis
2426 975 2505 1022 ac
2548 956 2797 1024 litteris

632 1073 778 1141 suis
807 1075 860 1157 ¹3
903 1070 1088 1160 quod
1121 1077 1378 1153 contra,
1415 1075 1605 1138 tanto
1646 1070 1716 1136 in
1749 1068 2145 1136 discrimine
2174 1075 2502 1159 tantaque
2533 1071 2603 1136 in
2634 1073 2788 1138 cali·

635 1188 790 1276 gine
829 1207 982 1254 cum
1029 1192 1414 1254 versaretur
1461 1205 1573 1252 res
1616 1183 1913 1273 publica,
1961 1183 2135 1250 nihil
2184 1183 2281 1250 illi
2338 1184 2579 1265 libros,
2625 1187 2798 1252 nihil

633 1304 915 1388 litterae,
977 1302 1149 1369 nihil
1209 1301 1589 1370 doctrinam
1652 1299 1990 1390 profuisse
2037 1300 2309 1386 justum
2376 1300 2671 1386 videtur,
2734 1310 2799 1370 et

637 1418 1152 1486 imbecilliorem
1183 1417 1398 1485 fuisse
1429 1415 1843 1484 medicinam
1874 1436 2082 1505 quam
2114 1415 2458 1485 morbum.
2494 1418 2579 1485 At
2607 1439 2791 1503 cum,

575 1527 586 1538 ’
633 1539 787 1624 post
817 1533 1272 1602 Pharsalicam
1308 1531 1597 1612 cladem,
1634 1532 1822 1600 Bruti
1852 1538 1925 1600 et
1948 1531 2149 1600 Attici
2180 1532 2422 1600 litteris
2453 1539 2795 1602 recreatus

631 1670 704 1719 se
734 1649 820 1716 ad
860 1649 1146 1739 pristina
1189 1648 1416 1718 studia
1445 1654 1885 1716 revocaverat
1922 1650 1968 1734 ²,
2014 1668 2135 1716 cur
2172 1668 2314 1716 non
2354 1648 2598 1717 eodem
2640 1669 2796 1736 per-

627 1767 842 1855 fugio,
894 1786 1029 1856 quo
1081 1765 1318 1834 multis
1371 1765 1520 1832 aliis
1568 1761 1908 1832 utendum
1956 1763 2277 1832 censebat
2321 1768 2366 1846 ³,
2430 1765 2672 1833 litteris
2730 1772 2797 1832 et

629 1881 1100 1972 philosophia,
1148 1880 1278 1948 fuit
1334 1883 1739 1948 contentus?
1794 1880 1891 1946 Ac
1950 1885 2311 1968 postquam
2360 1879 2431 1946 in
2504 1881 2791 1968 gratiam

532 2019 538 2026 ·
627 2017 783 2064 curn
821 1996 1166 2063 veteribus
1209 1995 1473 2078 amicis,
1510 1994 1580 2061 id
1618 2000 1725 2062 est
1764 2015 1922 2062 cum
1960 1994 2153 2062 libris
2191 1996 2359 2078 suiS,
2410 1993 2637 2079 rediit,
2672 1997 2789 2084 qui

629 2111 698 2178 in
756 2109 1325 2178 consuetudinem
1378 2110 1739 2198 pristinam
1796 2109 1996 2177 illum
2054 2110 2491 2195 revocabant,
2547 2111 2791 2178 Varro·

630 2246 956 2315 nemque,
993 2226 1178 2316 quod
1217 2227 1288 2293 in
1329 2245 1409 2295 ea
1450 2226 1914 2310 remansisset,
1955 2225 2435 2314 sapientiorem
2476 2224 2795 2294 dicebant

627 2363 779 2412 esse
825 2346 872 2428 ⁴,
933 2363 1052 2411 cur
1104 2343 1450 2432 gregalem
1498 2341 1697 2410 illum
1746 2347 1815 2410 et
1870 2339 2433 2410 contubernalem
2488 2362 2631 2410 non
2690 2350 2794 2410 est

627 2459 953 2539 imitaluS‚
991 2479 1117 2526 nec
1172 2457 1343 2525 nihil
1391 2456 1582 2525 aliud
1640 2457 1799 2544 egit,
1844 2457 1975 2525 nisi
2029 2457 2527 2547 pulcherrimos
2582 2458 2792 2524 simul

627 2580 694 2642 et
748 2574 1152 2642 utilissimos
1206 2573 1421 2641 libros
1481 2571 1943 2641 conscriberet
1970 2576 2033 2639 ⁸?
2093 2573 2323 2641 Cicero
2386 2573 2601 2657 enim,
2660 2575 2787 2640 etsi

627 2709 830 2777 saepe
870 2688 1044 2754 nihil
1101 2687 1372 2756 dulcius
1419 2691 1556 2757 otio
1602 2688 1900 2757 litterato
1940 2702 2108 2757 esse·
2130 2688 2485 2778 judicavit,
2532 2688 2631 2756 sic
2676 2689 2788 2756 lit-

629 2804 789 2873 teris
829 2824 994 2872 usus
1032 2808 1161 2890 est,
1197 2823 1340 2871 non
1382 2809 1458 2871 ut
1495 2803 1580 2870 ab
1624 2804 1706 2872 iis
1747 2803 2159 2872 medicinam
2198 2811 2621 2893 perpetuam,
2668 2804 2786 2872 sed

690 3056 844 3106 1.Αά
871 3057 1004 3120 Act„
1036 3059 1085 3117 8,
1119 3060 1196 3120 11,
1229 3060 1276 3108 1.

691 3130 736 3176 2.
770 3127 935 3190 Brut„
967 3133 1014 3190 3,
1046 3131 1123 3178 11.

690 3202 735 3248 3.
766 3199 883 3249 vid.
915 3201 1107 3264 Epist„
1143 3202 1191 3261 4,
1227 3203 1276 3262 3,
1306 3201 1333 3249 3
1363 3200 1450 3265 (ad
1499 3198 1741 3250 Servium
1785 3197 2132 3260 Sulpicium);
2160 3200 2208 3259 5,
2239 3198 2319 3259 21,
2348 3197 2432 3246 2-3
2468 3195 2555 3259 (ad
2598 3195 2785 3244 Mesci-

628 3267 832 3332 nium);
861 3273 908 3332 6,
942 3273 1019 3331 12,
1046 3271 1074 3319 5
1109 3271 1200 3335 (ad
1235 3271 1533 3332 Ampium);
1564 3270 1634 3318 al.

691 3342 738 3390 4.
763 3339 950 3404 Epist„
981 3343 1030 3401 9,
1057 3345 1102 3402 1,
1137 3344 1184 3391 2.

693 3413 738 3461 5.
767 3412 842 3461 Cf.
873 3426 1011 3474 quae
1035 3417 1223 3474 argute
1254 3413 1471 3475 scripsit
1502 3413 1627 3463 J.-J.
1658 3413 1914 3474 Ampere:
1940 3432 1964 3458 a
1996 3412 2095 3460 11...
2122 3425 2180 3460 se
2214 3412 2445 3472 plongea
2482 3413 2555 3470 el,
2576 3422 2786 3458 comme

629 3481 666 3531 il
693 3483 741 3532 16
762 3483 943 3543 dieait,
974 3497 1031 3532 se
1064 3485 1228 3532 cacha·
1254 3483 1388 3532 dans
1419 3483 1617 3533 l'etude
1648 3485 1743 3534 des
1767 3485 1975 3543 lettreS,
1996 3487 2136 3532 cette
2154 3482 2490 3532 consolation
2512 3483 2544 3529 a
2562 3478 2786 3543 laquelle

633 3553 667 3601 il
699 3555 780 3602 fut
806 3555 1054 3615 toujours
1075 3554 1332 3616 sensible‚
1363 3556 1500 3604 mais
1529 3558 1621 3617 qui
1652 3570 1719 3606 ne
1744 3556 1815 3605 lui
1857 3557 2002 3605 avait
2038 3569 2135 3617 pas
2166 3556 2409 3618 toujours
2443 3551 2584 3602 suffi.
2616 3551 2783 3600 Main-

633 3628 818 3673 tenant
842 3625 878 3673 il
909 3638 965 3674 se
1000 3625 1214 3687 rejetait
1245 3639 1338 3676 sur
1367 3626 1419 3676 la
1451 3628 1773 3688 litterature,
1804 3627 1937 3676 dans
1963 3627 2190 3689 laquelle
2219 3628 2256 3676 il
2295 3624 2503 3688 croyait
2543 3636 2639 3685 par
2673 3636 2783 3672 mo·

631 3699 806 3745 ments
837 3700 1053 3744 trouver
1085 3711 1155 3746 un
1193 3711 1349 3760 repos
1373 3698 1623 3760 agreable
1668 3702 1718 3747 et
1759 3698 2023 3760 complet3
2056 3698 2190 3747 mais
2220 3711 2289 3746 on
2314 3700 2436 3746 sent
2468 3708 2574 3758 que
2611 3694 2786 3743 c'etait

631 3780 702 3816 un
739 3767 820 3829 pis
859 3766 1005 3817 aller.
1043 3767 1119 3817 Au
1151 3770 1267 3818 sein
1319 3769 1384 3818 de
1427 3769 1627 3818 l'etude
1672 3770 1708 3818 il
1736 3770 2022 3830 regrettait
2058 3769 2407 3831 l’eloquence,
2440 3768 2491 3816 la
2536 3766 2703 3827 curie,
2738 3767 2786 3814 le

629 3838 825 3901 rorum,
858 3841 928 3888 ou
966 3839 1004 3888 il
1054 3839 1141 3906 n'y
1189 3841 1334 3892 avait
1372 3843 1490 3904 plus
1530 3842 1599 3892 de
1641 3843 1790 3903 place
1839 3855 1973 3902 pour
2014 3841 2117 3902 lui;
2146 3841 2367 3890 Ciceron
2409 3839 2650 3888 revenait
2678 3840 2710 3886 a
2738 3837 2787 3886 la

633 3909 970 3974 philosophie
1020 3925 1232 3963 comme
1271 3913 1320 3962 le
1350 3913 1550 3976 joueur
1593 3912 1801 3961 revient
1838 3914 1869 3961 a
1897 3926 1955 3962 sa
1982 3913 2291 3972 maitresse3
2316 3911 2391 3959 lui
2430 3910 2597 3969 aussi,
2624 3913 2786 3970 ayant

631 3979 798 4041 perdu
823 3979 875 4031 la
897 3982 1088 4045 partie,
1121 3984 1354 4035 a’ecriait
1383 4000 1396 4034 ε
1419 4008 1440 4026 ι
1467 3984 1508 4034 O
1527 3999 1616 4034 ma
1634 3982 1783 4033 chere
1807 3983 2128 4050 Anqdlique!
2154 4005 2173 4025 ι·
2209 3985 2282 4032 La
2310 3982 2407 4030 Fin
2436 3982 2501 4030 de
2522 3981 2576 4030 la
2600 3979 2786 4030 liberte'

631 4052 666 4100 ὰ
685 4049 858 4101 Rome.
893 4054 1132 4118 Pompee,
1161 4055 1375 4106 Cicer-on
1409 4059 1460 4105 et
1489 4058 1647 4108 Cesar
1676 4055 1753 4117 (in
1784 4057 1951 4106 Revue
1984 4055 2073 4104 des
2100 4055 2250 4104 Deua:
2276 4054 2511 4113 Mendes,
2540 4055 2619 4100 1Μ
2648 4053 2784 4101 avril

630 4123 767 4183 1864,
801 4137 851 4186 p.
880 4125 1006 4188 722).
1339 4137 1344 4142 ·
