3100 5042
1512 440 1839 503 -42—

591 572 828 660 visset,
848 573 962 641 vel
983 573 1168 662 quod
1192 572 1535 642 interdum
1560 594 1645 643 ex
1666 580 1996 664 tempore,
2020 573 2363 643 interdum
2384 580 2747 665 postquam

593 693 902 756 accurate
941 689 1369 777 cogitateque
1405 690 1812 778 scripsisset,
1852 691 2149 781 optimos
2186 688 2440 759 diceret
2476 710 2743 776 versuS,

591 804 704 873 vel
731 803 918 893 quod
941 825 1082 872 non
1116 804 1526 874 fortissimos
1545 805 1756 875 modo
1784 807 1990 886 virOS,
2015 826 2257 874 verum
2279 807 2481 874 etiam
2509 808 2747 895 populi

594 921 879 987 Romani
935 940 1192 988 nomen
1245 921 1388 988 suis
1427 920 1621 989 libris
1670 921 2074 1007 illustraret3
2106 941 2227 988 cur
2273 917 2464 1006 vero,
2498 923 2744 990 iterum

592 1057 669 1104 ac
707 1038 980 1126 saepius
1025 1037 1110 1105 de
1150 1058 1222 1106 se
1263 1039 1583 1127 loquens,
1616 1039 2031 1108 narravisset
2068 1039 2233 1128 quid
2272 1039 2417 1127 ipse
2459 1038 2747 1107 Archiae

593 1152 986 1241 artibusque
1018 1154 1290 1241 optimis
1317 1152 1619 1239 deberet,
1640 1153 1986 1241 quomodo
2008 1153 2289 1222 Archias
2314 1154 2747 1222 consulatum

591 1267 787 1335 illum
836 1290 1039 1336 suum
1079 1270 1413 1356 attigisset
1464 1269 1778 1337 versibus
1828 1275 2033 1357 atque
2078 1268 2563 1352 inchoavisset‚
2612 1291 2747 1359 qua

589 1386 810 1454 famae
865 1393 932 1452 et
988 1386 1511 1454 immortalitatis
1575 1406 1695 1474 spe
1752 1389 2171 1454 sustentatus
2230 1386 2375 1474 ipse
2430 1387 2503 1453 in
2562 1387 2744 1454 vitae

590 1502 910 1592 periculis
967 1500 1446 1591 laboribusque
1506 1509 1819 1572 versatus
1876 1507 2106 1571 esset?
2160 1503 2421 1591 Nempe
2473 1501 2746 1591 judices

590 1637 995 1706 persuasum
1040 1617 1334 1686 habebat
1383 1616 1711 1706 quicquid
1752 1617 1839 1685 ad
1884 1637 1959 1686 se
2006 1617 2460 1686 clarissimum
2500 1637 2747 1686 consu-

591 1734 804 1802 larem
825 1739 1027 1823 atque
1047 1740 1400 1823 parentem
1423 1735 1677 1825 patriae
1700 1735 2017 1803 attineret
2032 1733 2337 1802 studiose
2360 1733 2739 1804 audituros·

680 1852 864 1928 Quae
924 1872 1079 1919 cum
1149 1853 1242 1919 ita
1314 1855 1577 1933 essent,
1649 1871 1851 1940 quam
1913 1871 2093 1920 novo
2162 1857 2364 1938 atque
2419 1851 2740 1919 inusitato

591 1965 863 2034 dicendi
903 1986 1152 2053 genere
1202 1966 1432 2034 Cicero
1481 1987 1650 2035 usus
1691 1967 1778 2034 sit
1818 1967 2258 2035 manifestum
2310 1973 2435 2050 est,
2480 1965 2665 2054 quod
2704 1987 2743 2034 a

585 2081 929 2170 judicibus
983 2081 1054 2147 in
1111 2080 1363 2149 bonam
1422 2087 1681 2170 partem
1749 2090 2111 2171 exceptum
2177 2083 2258 2151 iri
2300 2093 2481 2150 'cum
2556 2088 2736 2150 certo

591 2194 815 2278 sciret,
866 2193 1134 2282 saepius
1193 2199 1422 2261 tamen
1471 2193 1643 2261 illud
1699 2193 1845 2282 ipse
1902 2195 2276 2263 excusavit.
2333 2195 2494 2272 Quis
2551 2195 2736 2262 enim

585 2315 788 2376 antea
815 2329 1043 2376 coram
1079 2309 1332 2398 populo
1365 2308 1723 2377 confessus
1761 2314 1903 2378 erat
1932 2309 2016 2376 ab
2048 2310 2462 2398 optimarum
2490 2310 2739 2377 artium

589 2423 830 2493 studiis
869 2443 946 2492 ac
976 2423 1332 2513 disciplina
1370 2425 1644 2492 nullum
1688 2425 1925 2494 aetatis
1964 2445 2129 2494 suae
2175 2431 2447 2513 tempus
2486 2423 2735 2492 abhor-

589 2539 809 2606 ruisse
841 2541 900 2605 ¹‘?
943 2539 1104 2620 Quis
1162 2540 1374 2608 solius
1420 2540 1853 2628 eloquentiae
1898 2541 2371 2609 aestimatores
2416 2540 2739 2608 docuerat

589 2674 830 2722 omnes
886 2659 1089 2736 artes,
1142 2675 1315 2743 quae
1370 2655 1456 2722 ad
1518 2639 2007 2724 humanitatem
2054 2656 2424 2744 pertinent,
2485 2655 2735 2724 habere

590 2769 934 2858 quoddam
1018 2790 1384 2838 commune
1459 2771 1817 2839 vinculum
1908 2777 1976 2840 et
2047 2772 2238 2859 quasi
2324 2772 2731 2859 cognatione
2778 2824 2781 2828 Α

587 2883 883 2973 quadam
933 2885 1107 2953 inter
1159 2905 1232 2952 se
1281 2885 1613 2954 contineri
1643 2887 1704 2951 ²?
1748 2886 1912 2963 Quis
1960 2886 2295 2954 ferocibus
2354 2888 2736 2974 priscorum

587 3002 1094 3091 agrestiumque
1148 3022 1418 3069 morum
1462 3000 1931 3069 laudatoribus
1974 3000 2363 3069 ostenderat
2414 3001 2735 3069 illustris-

587 3118 800 3186 simos
838 3119 1090 3186 Romae
1123 3117 1387 3207 jamdiu
1427 3118 1609 3187 cives
1656 3117 1892 3200 fuisse,
1937 3121 2003 3184 et
2041 3123 2281 3184 natura
2319 3125 2385 3184 et
2425 3116 2735 3184 doctrina

587 3234 793 3302 simul
822 3235 1110 3302 eximios
1140 3237 1202 3300 ³?
1232 3235 1396 3311 Quis
1425 3233 1725 3320 denique
1765 3232 1941 3300 docti
1988 3234 2105 3300 otii
2146 3232 2733 3321 contemptoribus

584 3349 1068 3437 explanaverat
1103 3350 1291 3436 poesi
1324 3347 1605 3437 quidem
1644 3354 1713 3416 et
1752 3346 1901 3414 aliis
1939 3347 2195 3415 artibus
2226 3368 2365 3414 non
2395 3347 2737 3414 liberalis-

584 3465 827 3532 simam
860 3463 1067 3531 modo
1097 3463 1643 3548 delectationem,
1679 3462 1799 3530 sed
1830 3463 2031 3530 etiam
2065 3463 2315 3531 mentis
2352 3463 2535 3530 vires
2574 3482 2735 3549 sup·

583 3578 892 3668 peditari‚
925 3579 1250 3646 virtutem
1279 3578 1368 3644 ali
1398 3583 1601 3666 atque
1633 3577 1865 3666 augeri
1893 3577 1959 3644 ⁴?
2172 3667 2177 3672 ἡ

672 3695 895 3783 Magni
968 3694 1174 3782 igitur
1237 3693 1418 3762 hanc
1487 3693 1867 3762 orationem
1930 3694 2395 3776 aestimemus,
2467 3712 2735 3761 summa

645 3875 690 3922 1.
723 3874 839 3933 ω.

645 3946 690 3992 2.
724 3946 838 4004 με.

642 4017 688 4064 3.
723 4017 771 4074 7,
805 4016 968 4064 15-16.
1008 4013 1166 4064 -ct
1201 4015 1277 4075 11,
1315 4014 1393 4062 27.

641 4088 688 4135 ⁴.
720 4089 766 4147 7,
791 4087 877 4146 163
903 4087 950 4146 6,
983 4087 1068 4146 123
1098 4087 1147 4147 6,
1178 4087 1255 4147 14,
1281 4086 1348 4135 al.
