3100 5042
1503 505 1820 568 -88-

588 640 827 708 Paucis
885 647 1115 707 autem
1166 643 1531 728 postquam
1587 641 1936 730 Lucretius
1981 641 2344 711 defunctus
2391 651 2494 712 est
2541 665 2740 713 men-

589 755 804 837 sibus,
841 775 1112 826 carmen
1146 758 1297 846 ejus
1327 759 1395 825 in
1426 759 1826 828 Ciceronum
1860 757 2176 825 manibus
2205 757 2417 828 fuisse
2448 779 2530 827 ex
2563 762 2734 849 epis-

591 871 733 939 tula
780 871 984 940 Marci
1030 881 1328 962 apparet,
1382 894 1517 962 qua
1573 872 1659 940 ad
1705 873 1982 941 fratrem
2033 872 2265 941 scribit
2309 897 2323 939 ε
2373 900 2406 936 «
2450 873 2738 944 Lucretii

586 996 926 1080 poemata,
958 996 1036 1056 ut
1078 989 1338 1075 scribis,
1374 991 1464 1058 ita
1504 996 1711 1059 sunt:
1746 990 1983 1058 multis
2030 990 2414 1059 luminibus
2451 992 2732 1080 ingenii,

587 1104 845 1173 multae
875 1111 1105 1173 tamen
1136 1106 1332 1190 artis3
1368 1104 1513 1184 sed,
1559 1125 1714 1172 cum
1750 1105 2046 1189 veneris,
2081 1106 2307 1172 virum
2347 1111 2412 1174 te
2452 1107 2730 1194 putab0,

588 1222 644 1290 si
676 1219 974 1288 Sallustii
1004 1220 1455 1310 Empedoclea
1483 1220 1757 1308 legeris»,
1782 1219 2136 1288 hominem
2166 1241 2307 1289 non
2337 1221 2590 1310 putabo
2616 1224 2658 1288 ¹.
2698 1249 2732 1283 »

588 1337 803 1414 Quam
834 1354 1036 1424 saepe
1074 1336 1485 1424 conjecturis
1527 1341 1892 1424 temptatus
1933 1337 2018 1403 sit
2056 1336 2170 1403 hic
2212 1336 2404 1405 locus
2450 1337 2736 1426 longum

588 1459 693 1519 est
749 1470 1021 1518 narrare
1060 1453 1107 1531 ²,
1168 1450 1285 1540 qui
1339 1458 1569 1519 tamen
1630 1449 2110 1520 emendatione
2167 1452 2358 1519 nulla
2417 1471 2615 1539 egere
2671 1459 2740 1520 et

586 1585 827 1634 verum
908 1564 994 1633 de
1078 1566 1387 1634 Lucretio
1457 1565 1794 1655 judicium
1877 1566 2460 1654 comprehendere
2535 1566 2738 1635 nobis

584 1680 876 1750 videtur.
923 1681 1095 1758 Quid
1136 1683 1364 1749 enim?
1392 1702 1546 1749 cum
1593 1680 1910 1748 nonnulli
1950 1687 2284 1765 veterum,
2331 1682 2447 1770 qui
2487 1682 2738 1752 Romae

506 1783 511 1786 ¹
587 1797 879 1880 fuerant,
916 1803 1269 1886 poetarum
1308 1799 1597 1883 inyem‘o
1636 1798 1954 1881 maximi,
1989 1805 2137 1865 arte
2173 1799 2377 1866 rudes
2419 1797 2730 1881 fuissent,

472 1907 479 1912 ’
586 1933 881 2001 cumque
920 1913 1304 1999 aequalium
1355 1912 1688 2000 plerique,
1731 1917 1874 1980 arte
1909 1911 2238 1979 laudandi
2282 1934 2438 1981 cum
2480 1920 2735 1994 essent,

588 2027 863 2115 ingenio
950 2033 1290 2109 carerent,
1363 2034 1903 2094 consentaneum
1987 2033 2092 2095 est
2167 2027 2563 2095 Ciceronem
2628 2029 2737 2096 his

586 2141 814 2210 verbis
848 2161 863 2208 ε
899 2167 933 2201 «
970 2140 1209 2208 multis
1236 2140 1617 2209 luminibus
1646 2141 1928 2229 ingenii,
1965 2141 2220 2209 multae
2251 2150 2480 2210 tamen
2507 2143 2670 2210 artis
2707 2165 2738 2204 »

588 2257 875 2324 Lucretii
928 2276 1197 2324 carmen
1250 2256 1650 2324 celebrasse.
1700 2255 1892 2334 Quod
1935 2276 2096 2324 vero
2145 2256 2560 2325 vocabulum
2607 2258 2742 2325 hoc

594 2397 628 2433 «
660 2375 973 2459 poemata
1008 2398 1040 2432 »
1090 2371 1463 2459 usurpavit,
1517 2391 1678 2438 cum
1715 2377 2032 2458 poemata
2061 2397 2094 2432 «
2149 2371 2259 2439 vel
2299 2390 2338 2438 a
2381 2371 2738 2456 Cicerone,

589 2486 702 2553 vel
752 2505 791 2552 a
832 2485 1162 2568 Varrone,
1224 2485 1513 2570 Catullo,
1564 2484 1736 2566 aliis,
1782 2485 2083 2553 carmina
2121 2484 2436 2552 dicantur
2473 2486 2742 2553 minora

592 2599 859 2678 diffusa,
938 2599 1336 2685 singillatim
1419 2606 1764 2684 contexta,
1843 2619 1984 2666 non
2060 2618 2200 2666 una
2284 2605 2742 2688 perpetuaque

591 2714 820 2802 poesis
849 2715 870 2747 ³
906 2737 964 2796 »,
1009 2733 1150 2780 non
1191 2713 1483 2781 efficitur
1512 2721 1590 2780 ut
1626 2715 1851 2802 operis
1891 2719 2114 2803 partes
2157 2733 2195 2781 a
2233 2713 2391 2782 vivo
2431 2714 2742 2782 Lucretio

594 2849 830 2898 secum
887 2829 1422 2896 communicatas
1487 2848 1640 2898 esse
1705 2830 1934 2897 Cicero
1983 2830 2400 2919 significet⁴;
2463 2837 2530 2897 at
2587 2849 2743 2896 cum

594 2944 788 3012 multi
822 2943 1153 3012 librorum
1190 2943 1321 3012 loci
1349 2964 1534 3011 nunc
1558 2943 1759 3012 etiam
1783 2946 1961 3012 male
1991 2945 2171 3012 inter
2200 2965 2274 3012 se
2305 2944 2740 3030 cohaereant,

655 3163 699 3211 1.
731 3162 816 3211 Ad
849 3163 908 3223 Q.
939 3165 1034 3226 fr„
1068 3165 1113 3220 2,
1142 3165 1189 3224 9,
1214 3166 1261 3214 3.

654 3235 700 3281 2.
732 3234 846 3282 Non
868 3235 1055 3283 multis
1082 3233 1369 3284 luminibus
1394 3249 1406 3282 ε
1435 3232 1668 3292 Ernesti,
1699 3232 2024 3293 Lachmann,
2050 3247 2102 3295 p.
2125 3235 2203 3294 18,
2225 3232 2385 3283 Orelli
2406 3232 2492 3282 ed.
2515 3234 2562 3291 2,
2583 3231 2744 3280 Bern-

592 3303 779 3365 hardy,
803 3318 855 3366 p.
884 3307 992 3365 532,
1016 3304 1209 3354 Nisard
1230 3305 1371 3366 (vide
1392 3305 1484 3354 Ch.
1507 3303 1719 3364 Niaard,
1737 3304 1889 3353 Notes
1915 3317 2009 3352 sur
2033 3303 2104 3354 les
2133 3303 2311 3353 lettres
2338 3302 2402 3352 de
2423 3300 2551 3359 Cic..
2568 3315 2619 3363 p.
2643 3301 2744 3364 65);

593 3373 830 3433 Crousle‚
855 3374 1094 3424 Exti-aits
1122 3375 1184 3424 de
1220 3375 1457 3436 Luci-ece,
1488 3389 1610 3424 avec
1642 3389 1744 3423 une
1779 3374 1995 3431 intr-od„
2027 3390 2099 3424 un
2131 3373 2496 3424 commentaire
2524 3372 2748 3436 critique

592 3447 645 3492 ee
676 3443 767 3492 des'
792 3449 953 3500 notes,
984 3445 1147 3500 Paris,
1179 3446 1347 3507 Belin,
1370 3448 1505 3503 1866,
1537 3461 1589 3508 p.
1617 3446 1750 3494 XIX.
1779 3473 1841 3481 —-
1869 3447 1984 3494 Non
2010 3445 2210 3495 multae
2242 3449 2417 3494 tamen
2441 3444 2574 3494 artis
2599 3459 2611 3491 t
2645 3443 2742 3492 Th.

593 3516 786 3575 Bergk,
818 3513 1075 3564 Ciceronis
1099 3516 1162 3564 de
1190 3517 1426 3565 Lucretio
1447 3515 1734 3578 judicium,
1760 3517 2060 3578 Marburgi‚
2101 3519 2238 3576 1846,
2269 3530 2320 3578 p.
2353 3515 2416 3564 V.
2445 3541 2508 3551 -
2547 3513 2748 3563 Multae

593 3585 754 3633 etiam
793 3586 925 3634 artis
966 3601 978 3633 :
1012 3587 1187 3635 Baiter
1226 3592 1279 3636 et
1321 3587 1541 3648 Kayser,
1581 3587 1932 3649 Wesenberg,
1973 3588 2282 3646 Buecheler,
2321 3600 2373 3649 p.
2411 3587 2491 3646 23,
2528 3583 2743 3643 Teuffel,

594 3659 619 3714 ἓ
648 3657 758 3715 203,
780 3659 807 3704 2
830 3657 936 3718 (ed.
957 3657 1078 3719 111);
1101 3657 1291 3716 Kubik‚
1319 3670 1371 3719 p.
1395 3660 1584 3706 342—
1601 3657 1802 3707 Multae
1827 3661 2000 3707 tamen
2025 3658 2158 3706 artis
2179 3671 2282 3705 esse
2303 3670 2419 3705 cum
2449 3654 2703 3705 inveneris
2729 3668 2744 3702 ε

592 3728 801 3789 Mum-0,
836 3727 898 3790 11,
933 3732 1014 3777 19.
1050 3755 1113 3764 -
1137 3730 1287 3779 Multi
1322 3731 1500 3779 locum
1532 3728 1755 3778 omniuo
1783 3731 2160 3798 turbarer-unu
2203 3727 2336 3777 nihil
2357 3731 2547 3776 contra
2575 3728 2747 3775 muta·-

593 3803 789 3849 verunt
815 3801 948 3850 ,L-v.
966 3800 1199 3858 Leclerc‚
1220 3802 1326 3850 vol.
1355 3800 1502 3859 XXV,
1530 3815 1581 3861 p.
1610 3801 1718 3860 140,
1738 3800 1911 3860 patin,
1933 3799 2132 3848 Etudes
2160 3814 2251 3848 sur
2279 3798 2333 3847 la
2356 3798 2526 3861 poesie
2554 3796 2670 3856 lat„
2702 3796 2744 3854 Ι,

591 3872 669 3930 94,
702 3869 958 3920 Schwabe
992 3871 1133 3933 apud
1169 3871 1391 3930 Teuffel,
1423 3869 1509 3920 ed.
1540 3871 1603 3929 V,
1633 3870 1741 3919 alii.
2105 3922 2113 3927 ,

653 3944 697 3990 3.
726 3941 1035 4002 Buecheler,
1065 3956 1117 4003 p.
1149 3944 1226 3990 23.
1255 3969 1315 3977 —
1345 3942 1419 3991 Cf.
1452 3945 1632 3990 tamen
1669 3941 1863 3990 Aulum
1903 3941 2148 4000 Gellium,
2181 3943 2235 4000 1,
2267 3941 2345 3998 21,
2375 3941 2401 3986 5
2429 3953 2442 3986 z
2478 3959 2497 3978 ·
2529 3938 2590 3986 ln
2629 3950 2745 3986 car-

591 4010 829 4061 minibus
850 4013 1081 4061 Lucretii
1112 4035 1154 4068 n,
1190 4016 1242 4060 et
1267 4012 1549 4072 Velleium,
1581 4014 1628 4071 2,
1666 4014 1743 4073 36,
1773 4014 1800 4059 2
1833 4011 2074 4075 (Teuffel,
2103 4014 2128 4069 ἓ
2159 4012 2272 4068 203,
2307 4009 2373 4070 2).

654 4080 701 4130 4.
736 4083 1039 4144 Buecheler,
1077 4097 1127 4145 p.
1158 4086 1246 4145 243
1283 4083 1562 4133 Friedrich
1594 4082 1758 4138 Polle,
1789 4083 1881 4131 Die
1914 4083 2107 4130 Lucrez
2137 4082 2434 4130 Litteratur
2460 4079 2556 4128 seit
2581 4075 2745 4128 Lach-

590 4167 754 4204 mann
784 4155 897 4204 und
919 4156 1154 4218 Bernays
1182 4153 1529 4219 (Philoloquit,
1560 4155 1666 4204 vol.
1698 4154 1850 4216 XXV,
1881 4165 1928 4204 a.
1963 4155 2102 4214 1867,
2133 4167 2186 4217 p.
2217 4153 2346 4215 499).
