3100 5042
1193 598 1275 613 ..
1314 563 1388 626 57
1432 599 1511 610 .-

282 721 610 772 conversa
652 706 1195 778 contemnerent,
1239 698 1544 766 dicerent
1589 717 1662 766 se
1711 699 1782 765 in
1821 697 2078 787 graecis
2124 700 2440 790 legendis

283 838 557 906 operam
610 814 819 884 malle
867 834 1275 883 consumere
1304 816 1357 896 ¹3
1403 834 1576 902 quos
1624 833 1712 882 ne
1755 812 2155 899 offenderet,
2203 818 2438 888 minus

281 933 496 1002 doctis
528 931 615 999 ad
652 930 1025 1019 legendum
1053 928 1477 1019 jucunditate
1516 928 1813 1018 quadam
1843 921 2172 1014 invitatis,
2205 932 2438 1021 pbilo-

281 1048 594 1136 sophiam
630 1053 826 1114 caute
865 1045 933 1112 in
967 1044 1126 1130 illis,
1160 1064 1334 1133 quos
1365 1045 1759 1133 Menippum
1796 1045 2100 1114 imitatus
2138 1048 2434 1136 quadam

279 1164 619 1232 hilaritate
650 1168 1147 1250 consperserat,
1176 1159 1427 1229 libellis
1457 1159 1913 1230 admiscuerat
1937 1163 1982 1228 ².

368 1279 641 1345 Primus
698 1277 905 1366 igitur
962 1276 1217 1358 Cicero,
1266 1275 1451 1364 quod
1507 1277 1718 1344 latine
1764 1274 2070 1347 docuerit
2125 1279 2438 1368 philoso-

278 1392 509 1484 phiam
558 1398 625 1461 et
664 1393 726 1460 ei
782 1393 1020 1459 lumen
1065 1390 1441 1459 litterarum
1481 1391 1843 1460 latinarum
1888 1392 2249 1478 addiderit,
2286 1397 2441 1464 lau-

278 1509 513 1591 detur;
551 1527 897 1597 quamque
926 1504 1132 1574 valde
1170 1507 1451 1596 optavit,
1487 1506 1666 1574 hanc
1693 1507 1969 1576 laudem
2004 1510 2329 1597 obtineat,
2362 1520 2438 1580 ut

278 1624 689 1708 doctrinam,
737 1643 873 1711 qua
918 1622 1116 1690 facile
1164 1623 1439 1689 Graecia
1484 1623 1832 1690 Romanos
1877 1626 2238 1713 superabat
2295 1648 2435 1696 non

278 1725 771 1829 repugnanteS‚
790 1737 1143 1826 languenti
1158 1738 1301 1826 jam
1322 1736 1638 1806 Graeciae
1655 1738 1978 1827 eripuerit
1996 1747 2063 1807 et
2084 1743 2439 1828 pertulerit

277 1858 345 1924 in
368 1856 626 1925 Urbem
647 1875 844 1923 suam
864 1857 908 1922 ³.
936 1855 1371 1942 Magnificum
1397 1852 1677 1941 quidem
1698 1854 1896 1938 illud,
1923 1863 2002 1924 ut
2021 1855 2166 1945 ipse
2188 1857 2432 1943 aiebat,

276 1973 741 2060 Romanisque
779 1970 1177 2072 hominibus
1215 1969 1619 2059 gloriosum,
1665 1976 1740 2038 ut
1775 1971 2042 2041 Graecis
2083 1973 2168 2042 de
2206 1974 2438 2063 philo-

278 2090 521 2179 sophia
562 2089 805 2157 litteris
852 2108 994 2156 non
1044 2092 1355 2176 egerent3
1414 2113 1446 2148 «
1497 2087 1683 2175 quod
1735 2109 2058 2178 assequar
2106 2092 2432 2180 profectO,

277 2204 655 2295 inquiebat,
690 2205 748 2272 si
781 2203 1089 2272 instituta
1117 2203 1462 2290 perfecero
1488 2204 1511 2238 ⁴
1543 2230 1604 2270 ».
1644 2206 1878 2275 Totam
1911 2207 2097 2273 enim
2126 2205 2252 2273 sibi
2284 2207 2435 2295 phi-

279 2320 665 2409 losophiam
734 2317 1279 2407 pertractandam
1338 2327 1816 2406 proposuerat,
1878 2326 1966 2402 et,
2020 2341 2436 2409 quamquam

277 2435 461 2526 quod
518 2436 907 2505 intenderat
954 2433 1221 2503 efficere
1279 2433 1564 2501 omnino
1613 2454 1755 2501 non
1803 2435 2058 2522 potuit,
2101 2436 2234 2520 cui,
2278 2456 2434 2503 cum

278 2553 630 2621 statuisset
674 2549 759 2618 ad
812 2550 1032 2617 filium
1084 2549 1301 2616 multa
1355 2554 1510 2637 post
1558 2548 1768 2617 libros
1817 2551 1900 2617 de
1951 2553 2224 2637 Officiis
2272 2553 2438 2620 scri-

276 2670 439 2738 bere
481 2674 526 2752 ⁵,
576 2670 710 2738 vita
749 2670 996 2737 misere
1037 2657 1267 2756 erepta
1306 2668 1417 2750 sit,
1461 2667 1648 2734 haud
1695 2689 1976 2757 parvam
2014 2675 2241 2739 tamen
2281 2659 2438 2761 pbi-

276 2786 631 2874 losophiae
707 2792 1003 2874 partem,
1064 2783 1197 2851 hoc
1261 2782 1487 2850 studio
1556 2784 1832 2852 cottidie
1890 2785 2430 2875 ingravescente,

276 2901 670 2969 illustravit.
722 2899 894 2969 Vide
941 2899 1123 2967 enim
1177 2898 1247 2964 in
1300 2897 1454 2964 libri
1511 2881 1929 2970 alterius'de
1982 2904 2437 2969 Divinatione

278 3017 470 3084 initio
534 3036 737 3104 quam
805 3015 1061 3082 multos
1118 3013 1465 3101 scripserit
1519 3012 1606 3081 de
1658 3014 1863 3082 variis
1920 3016 2435 3102 quaestionibus

278 3130 587 3213 libellos,
659 3149 1003 3219 quamque
1070 3128 1326 3196 multae
1389 3129 1799 3195 Graecorum
1865 3128 2433 3218 philosophorum

282 3244 687 3333 disciplinae
716 3243 898 3334 apud
920 3245 1265 3311 Romanos
1294 3241 1571 3310 tandem
1603 3262 1724 3330 per
1749 3262 1909 3310 eum
1935 3245 2429 3332 pernotuerint.

277 3359 755 3427 Academicam
806 3358 991 3426 enim
1026 3356 1562 3446 philosophandi
1599 3357 1961 3442 rationem,
2005 3378 2209 3445 quam
2251 3361 2431 3427 mul-

280 3473 551 3541 titudini
609 3472 920 3562 inprimis
986 3477 1373 3560 suspectam
1437 3471 1736 3540 maxime
1786 3472 1932 3560 ipse
1998 3473 2428 3562 sequebatur,

281 3589 553 3679 saepius
586 3587 893 3658 defendit
924 3594 993 3656 et
1022 3587 1435 3677 praedicavit
1462 3589 1516 3669 ⁶3
1557 3593 1625 3656 et
1661 3587 2030 3656 stoicorum
2062 3608 2100 3657 e
2128 3588 2436 3658 fontibus

344 3847 389 3893 1.
423 3845 498 3893 De
524 3845 637 3909 fin„
670 3848 717 3909 1,
753 3848 798 3903 1,
821 3850 866 3897 1.

342 3917 389 3962 2.
414 3914 580 3966 Acad.
610 3922 770 3981 post„
794 3921 841 3977 1,
872 3921 919 3980 2,
955 3921 1001 3968 8.
1037 3946 1101 3954 —
1128 3919 1203 3969 Ct'.
1236 3919 1489 3980 Boissier,
1518 3919 1734 3977 isat-ron,
1769 3933 1826 3983 p.
1863 3922 1917 3968 61
1947 3932 2069 3983 sqq.

341 3987 385 4035 3.
416 3987 553 4037 Vide
586 3989 731 4038 Tusc.
758 3989 911 4052 disp„
936 3993 980 4046 2,
1014 3992 1062 4050 2,
1097 3993 1145 4049 5,
1175 3989 1318 4039 etde
1346 3989 1469 4054 Off„
1500 3993 1547 4050 2,
1579 3992 1627 4046 2,
1658 3991 1704 4039 5.

341 4059 388 4105 4.
417 4058 490 4107 De
513 4056 640 4120 div„
668 4061 714 4120 2,
745 4062 794 4122 2,
829 4063 931 4110 4-6.
962 4088 1026 4097 —
1055 4061 1130 4111 Cr.
1158 4059 1221 4109 de
1249 4061 1371 4110 Nat.
1403 4061 1638 4122 deorum,
1668 4063 1713 4122 1,
1748 4063 1794 4121 4,
1823 4061 1870 4108 9.

341 4132 387 4177 5.
417 4129 492 4177 De
526 4129 641 4193 off„
674 4133 720 4190 1,
752 4134 799 4191 2,
829 4133 876 4181 4.

340 4201 387 4248 6.
429 4199 563 4250 Vide
592 4201 1019 4252 Academicorum
1050 4202 1288 4266 priorum
1322 4206 1375 4251 et
1401 4202 1751 4265 posteriorum
1784 4202 1970 4262 libroS,
2006 4201 2246 4264 itemque
2284 4202 2427 4252 Tusc.
