3100 5042
1326 541 1646 606 ...69-

408 677 735 748 Graeciae
783 675 1105 766 quicquid
1145 679 1492 766 egregium
1544 676 2148 766 expetendumque
2185 687 2574 769 superesset

406 795 729 884 eriperet,
766 793 993 880 itaque
1044 790 1129 860 de
1176 781 1413 882 populi
1462 793 1748 860 Romani
1803 793 2087 860 nomine
2127 799 2194 862 et
2240 792 2570 883 dignitate

406 908 593 978 bene
643 913 1039 976 mereretur.
1086 907 1541 990 Quamobrem
1593 915 1810 977 artem
1850 901 2117 975 dicendi
2159 915 2226 978 et
2273 897 2573 998 philoso-

408 1024 649 1113 phiam
672 1023 936 1092 civibus
967 1024 1110 1092 suis
1138 1044 1293 1091 cum
1326 1023 1700 1103 exhiberet,
1730 1007 2031 1092 Platonis
2051 1025 2314 1113 copiam
2337 1032 2406 1094 et
2426 1012 2568 1114 gra·

410 1139 721 1222 vitatem,
766 1136 1263 1226 jucunditatem
1314 1137 1789 1226 Theophrasti,
1835 1137 2220 1208 Aristotelis
2259 1137 2468 1207 r'obur
2503 1146 2570 1208 et

414 1254 888 1322 auctoritatem
936 1252 1262 1340 effingere
1310 1260 1595 1320 conatus
1647 1239 1776 1337 est,
1822 1255 2254 1344 saepiusque,
2300 1264 2377 1323 ut
2422 1256 2570 1344 ipse

418 1368 777 1451 sentiebat,
827 1367 1114 1436 obse-ura
1168 1366 1340 1436 dixit
1393 1365 1669 1457 planius
1716 1391 1924 1458 quam
1975 1392 2011 1438 a
2061 1370 2334 1438 Graecis
2380 1368 2570 1438 dice-
2667 1420 2672 1425 -

416 1485 667 1553 bantur
688 1486 730 1550 ¹.
762 1484 843 1551 Et
862 1483 1172 1552 Platonis
1194 1483 1405 1550 divini
1432 1484 1826 1572 philosophi
1851 1479 2164 1573 inprimis
2184 1483 2571 1554 aemulatus

421 1619 708 1684 morem,
758 1618 896 1666 non
946 1618 1123 1686 quae
1170 1599 1370 1666 sciret
1408 1604 1521 1665 aut
1575 1598 1857 1666 sentiret
1904 1599 2049 1689 ipse
2094 1598 2338 1667 docere
2386 1601 2570 1668 cives

418 1715 660 1797 voluit,
694 1711 813 1782 sed
857 1718 999 1781 tum
1028 1711 1511 1780 celeberrimos
1540 1713 1657 1799 qui
1702 1713 1952 1781 Romae
1991 1713 2328 1780 vixissent
2356 1714 2566 1799 virOS,

418 1839 560 1899 tum
594 1849 667 1900 se
698 1832 924 1920 ipsum
954 1829 1459 1918 familiaresque
1491 1849 1654 1896 suos
1683 1828 1952 1898 induxit
1993 1829 2079 1896 de
2122 1829 2468 1919 proposita
2497 1849 2593 1918 re·

418 1948 886 2034 colloquentes
913 1948 959 2014 ².
1004 1946 1219 2013 Antea
1262 1951 1516 2027 autem,
1563 1964 1978 2034 quamquam
2022 1946 2407 2035 superiores
2453 1964 2568 2012 eas

417 2069 681 2131 tantum
722 2064 1065 2130 orationes
1104 2060 1175 2126 in
1213 2059 1566 2148 publicum
1596 2059 1974 2146 ediderant,
2010 2061 2260 2150 quihus
2293 2059 2376 2129 de
2408 2081 2566 2128 sua-

418 2177 645 2248 denda
673 2183 789 2246 aut
816 2175 1286 2266 impugnanda
1307 2176 1482 2264 lege,
1509 2175 1594 2244 de
1617 2197 1687 2244 re
1709 2176 2562 2265 publica'administranda,

418 2294 501 2362 de
544 2293 871 2360 Romanis
909 2291 1165 2360 scilicet
1202 2290 1407 2359 rebus
1444 2289 1791 2378 agebatur,
1827 2291 1972 2380 ipse
2011 2293 2355 2360 orationes
2393 2313 2567 2380 quae

417 2428 537 2499 pro
568 2407 851 2497 privatis
887 2405 1285 2473 hominihus
1315 2412 1548 2474 essent
1582 2405 1854 2474 habitae
1896 2425 2020 2474 nec
2064 2407 2206 2473 ullo
2245 2414 2439 2495 pacto
2479 2408 2563 2475 ad

415 2543 571 2591 rem·
596 2522 934 2611 publicam
966 2521 1386 2609 pertinerent
1414 2521 2020 2609 pervulgavit³,'ut
2047 2521 2157 2591 vel
2189 2522 2260 2588 in
2291 2522 2563 2590 minori-

417 2633 546 2707 bus
577 2638 801 2705 causis
828 2637 1292 2724 eloquentiam
1326 2656 1522 2703 suam
1553 2657 1708 2704 cum
1741 2631 2135 2725 eloquentia
2156 2637 2564 2706 Graecorum

416 2753 704 2822 conferri
774 2751 1046 2840 juberet
1128 2750 1650 2842 mirandamque
1725 2753 2048 2821 omnibus
2125 2763 2560 2842 proponeret.

420 2868 756 2957 Epistulas
785 2867 1014 2949 etiam,
1059 2884 1231 2955 quas
1274 2866 1667 2950 humiliore,
1704 2866 1826 2936 sed
1874 2867 2101 2956 lepido
2152 2875 2380 2935 tamen
2421 2888 2564 2935 ser-

418 3003 621 3051 mone
652 2987 1158 3069 composuerat,
1186 3001 1341 3048 cum
1379 3008 1411 3042 «
1442 2983 1809 3071 συναγωγαὶ
1839 3009 1870 3042 »
1905 2981 2348 3070 epistularum
2382 2984 2564 3070 a'pud

417 3099 705 3166 Graecos
748 3104 1004 3180 essent,
1043 3095 1226 3164 haud
1267 3096 1561 3163 multum
1603 3095 1770 3162 afuit
1809 3097 1973 3183 quin
2014 3105 2558 3184 recognosceret,

417 3215 802 3300 corrigeret,
866 3213 1013 3301 ipse
1074 3211 1306 3281 ederet
1333 3212 1379 3278 ⁴.
1428 3212 1738 3299 Denique
1791 3209 2058 3278 dicendi
2113 3210 2325 3300 legeS,
2391 3211 2604 3301 quae‘

418 3327 597 3418 apud
643 3329 1046 3412 Varronem,
1090 3327 1473 3410 Caesarem,
1533 3326 1853 3414 aequales
1898 3327 2164 3404 nmultos
2234 3328 2302 3394 in
2353 3331 2566 3416 gratia

418 3451 632 3529 erant,
666 3441 837 3511 adeo
878 3463 1018 3511 non
1061 3442 1385 3530 neglexit,
1419 3448 1496 3509 ut
1526 3438 1744 3510 filium
1788 3461 1988 3530 saepe
2021 3442 2560 3530 reprehenderit,

436 3684 523 3731 .1.
555 3683 695 3731 Tuse.
727 3681 882 3744 disp„
907 3683 955 3740 4,
985 3684 1031 3740 5,
1067 3683 1141 3729 10.
1168 3680 1337 3729 .--cf.
1368 3683 1415 3738 4,
1451 3681 1525 3737 14,
1552 3682 1631 3739 33,
1657 3678 1953 3743 θῑάεθῇἱ,
1987 3682 2032 3740 1,
2063 3681 2108 3743 1,
2141 3684 2187 3729 2.

479 3753 524 3801 2.
560 3753 634 3801 De
677 3753 947 3802 Ciceronis
992 3752 1220 3812 dialogis
1269 3751 1391 3800 vide
1430 3751 1751 3809 Mommsen,
1789 3751 1894 3798 vol.
1944 3749 2073 3809 Vlll,
2106 3765 2154 3812 p.
2193 3754 2303 3800 280-
2307 3753 2424 3812 283;
2456 3765 2564 3815 qua

416 3823 620 3872 ratione
650 3823 834 3872 Cicero
860 3823 1123 3884 optimum
1156 3835 1425 3885 quemque
1450 3821 1784 3870 Graecorum
1815 3822 2134 3910 scriptorem
2173 3822 2276 3910 sib-i
2324 3822 2469 3907 visus
2493 3823 2564 3872 sit

415 3906 663 3954 superare
695 3895 861 3942 facete
881 3893 1055 3954 aperit
1080 3892 1240 3954 idem
1275 3907 1324 3953 p.
1354 3895 1466 3940 276.

510 3965 870 4024 .Mommsen‚
896 3965 1007 4013 v.ol
1045 3964 1181 4024 vlu,
1212 3978 1264 4026 p.
1290 3965 1401 4011 2'14-
1402 3965 1522 4021 275,
1553 3961 1776 4017 Teuffel,
1811 3967 1839 4022 ᾗ
1872 3965 1980 4025 152,
2002 3963 2048 4010 2.

475 4037 521 4084 4.
553 4036 636 4084 Ad
659 4037 790 4096 Act„
820 4002 895 4096 1'6,
931 4039 977 4095 5,
1010 4038 1053 4084 5.
1090 4035 1227 4093 Quid
1257 4036 1511 4084 adversus
1540 4034 1852 4083 Ciceronem
1883 4036 1936 4083 et
1962 4034 2215 4096 Plinium,
2249 4036 2392 4098 quod
2423 4037 2573 4098 epis-

416 4106 579 4155 tuias
594 4107 697 4168 ipsi
746 4114 869 4155 siuas
918 4105 1185 4155 ediderint
1226 4109 1320 4155 aut
1364 4105 1523 4154 cdere
1567 4103 1856 4166 voluerint,
1888 4105 2056 4154 iratus
2096 4106 2371 4168 scripserit
2410 4107 2558 4158 Mon-

416 4177 613 4239 migne,
639 4177 775 4227 bene
809 4181 996 4226 notum
1026 4181 1108 4226 est
1138 4177 1347 4240 (Essais,
1376 4176 1415 4236 Ι,
1451 4177 1547 4237 39).
1967 4201 1972 4205 ·
2515 4203 2520 4207 -
