3100 5042
1190 523 1616 584 —47—.

293 659 747 749 profiteretur,
786 655 1228 724 manifestum
1270 658 1435 736 est',
1478 654 1816 726 adversus
1855 656 2184 741 Ennium,
2219 657 2338 746 qui
2376 659 2448 726 in

292 774 560 844 vatibus
598 779 667 842 et
694 773 945 840 Faunis
982 772 1313 840 Naevium
1344 779 1936 856 annumeraverat,
1983 773 2449 842 vehementis-

293 891 463 959 sime
522 888 831 958 defendit
856 889 903 958 ².
966 887 1168 956 Atilio
1227 888 1467 973 etiam,
1526 915 1560 949 ‹<
1635 896 1874 978 poetae
1937 889 2308 957 durissimo
2369 917 2443 975 »‚

295 1006 633 1075 adversus
673 1025 792 1073 eos
830 1004 948 1094 qui
992 1025 1066 1072 se
1102 1004 1313 1072 latina
1354 1005 1604 1093 scripta
1643 1004 1960 1074 dicebant
2006 1015 2446 1075 contemnere

291 1121 490 1205 favit3
550 1140 767 1188 unum
811 1119 995 1186 enim
1038 1139 1124 1187 ex
1169 1119 1317 1187 istis
1360 1119 1708 1187 Graeculis
1764 1126 2126 1208 postquam
2178 1120 2449 1189 induxit

290 1237 789 1305 exclamantem
841 1255 855 1301 :
915 1261 948 1295 «
1018 1235 1461 1321 Synephebos
1518 1253 1645 1323 ego
1711 1235 1938 1322 potius
2005 1237 2270 1304 Caecilii
2332 1244 2448 1305 aut

288 1354 637 1422 Andriam
692 1351 985 1419 Terentii
1037 1371 1243 1438 quam
1301 1355 1660 1438 utramque
1708 1350 2058 1418 Menandri
2111 1353 2378 1440 legam?
2412 1380 2444 1415 υ

290 1489 565 1536 rursum
596 1469 741 1556 ipse
776 1466 1109 1534 exclamat
1144 1489 1157 1530 ε
1208 1492 1239 1526 «
1271 1468 1326 1532 Α
1366 1464 1616 1552 quibus
1644 1471 1912 1534 tantum
1953 1466 2307 1555 dissentiO,
2343 1476 2441 1554 ut,

289 1606 445 1653 cum
504 1582 875 1670 Sophocles
911 1582 1021 1650 vel
1074 1581 1329 1670 optime
1386 1581 1732 1669 scripserit
1789 1583 2160 1666 Electram,
2213 1591 2444 1653 tamen

288 1701 466 1768 male
522 1717 925 1767 conversam
976 1697 1160 1764 Atilii
1210 1696 1377 1764 mihi
1431 1695 1796 1785 legendam
1847 1704 2105 1786 putem,
2166 1698 2252 1768 de
2309 1722 2444 1788 quo

288 1815 609 1895 LiciniuS‚
631 1817 949 1900 ferreum
976 1815 1417 1900 scrz'ptorem3
1451 1833 1718 1896 verum,
1746 1814 2013 1902 opinor,
2045 1816 2444 1903 scriptorem

289 1939 544 2016 tamen,
604 1936 681 1998 ut
733 1928 1071 2018 legendus
1120 1929 1229 1997 sit.
1294 1956 1328 1990 »
1381 1929 1675 1996 Omnino
1735 1929 1920 1996 enim
1981 1930 2224 1999 rudem
2293 1953 2443 2002 esse

291 2051 397 2116 vel
429 2047 499 2114 in
542 2045 950 2113 humillimis
984 2045 1448 2112 Romanorum
1499 2045 1717 2133 poetis
1759 2071 1792 2106 «
1835 2050 1952 2113 aut
1989 2046 2444 2118 inertissimae

291 2163 619 2252 segnitiae
648 2167 766 2230 aut
792 2159 1045 2228 fastidii
1079 2159 1539 2228 delicatissimi
1577 2186 1608 2221 »
1644 2181 1794 2228 esse
1825 2169 2080 2231 censet.

378 2280 643 2357 Quanto
698 2283 928 2345 autem
984 2276 1265 2344 clariore
1308 2296 1475 2344 voce
1527 2275 2020 2365 probabiliores
2081 2280 2442 2368 scriptores

289 2395 426 2483 legi
476 2394 703 2484 jubet!
761 2419 793 2455 «
839 2393 1028 2477 Quis,
1073 2393 1319 2481 inquit,
1365 2397 1503 2459 tam
1544 2392 1862 2460 inimicus
1910 2414 2126 2482 paene
2175 2397 2439 2464 nomini

295 2513 601 2580 Romano
640 2515 766 2590 est,
804 2509 920 2598 qui
970 2508 1169 2576 Ennii
1221 2510 1540 2578 Medeam
1589 2515 1705 2575 aut
1749 2511 2124 2597 Antiopam
2170 2513 2441 2582 Pacuvii

288 2632 564 2716 spernat
624 2632 741 2694 aut
794 2625 1075 2714 reficiat,
1127 2622 1311 2711 quod
1370 2644 1444 2692 se
1500 2622 1745 2692 iisdem
1806 2625 2146 2715 Euripidis
2192 2628 2442 2698 fabulis

284 2742 602 2812 delectari
660 2740 859 2822 dicat,
912 2740 1163 2807 latinas
1209 2739 1469 2807 litteras
1518 2738 1738 2808 oderit
1766 2741 1836 2808 ³?
1880 2769 1913 2804 »
1972 2743 2123 2830 Ipse
2164 2744 2440 2831 quidem

283 2863 547 2926 tantum
594 2857 787 2925 abest
823 2861 901 2924 ut
946 2874 1172 2923 errore
1218 2854 1351 2922 hoc
1391 2847 1700 2922 imbutus
1747 2857 1859 2940 sit,
1915 2864 1987 2924 ut
2040 2879 2436 2945 graecorum

285 2979 637 3064 poetarum
696 2992 934 3040 versus
982 2990 1123 3038 non
1193 2970 1326 3038 nisi
1384 2970 1456 3036 in
1515 2971 1826 3059 epistulis
1886 2982 2244 3058 memoret,
2291 2975 2469 3048 lati-,

283 3110 532 3158 norum
598 3109 761 3156 vero
836 3088 906 3154 in
975 3085 1297 3154 omnibus
1362 3085 1696 3153 librorum
1773 3106 2056 3153 suorum
2130 3088 2439 3178 partibus

281 3211 617 3295 aspergat,
672 3203 887 3290 magis
937 3223 1015 3270 ac
1058 3201 1279 3290 magis
1316 3200 1773 3268 abundantes
1823 3202 1996 3279 Quin
2042 3204 2435 3276 comoediae

282 3342 604 3390 romanae
634 3319 1202 3410 potissimumque
1232 3317 1620 3406 tragoediae
1658 3338 1732 3386 se
1770 3325 1906 3386 tam
1940 3340 2142 3410 saepe
2171 3324 2434 3412 peritis-

281 3440 532 3506 simum
590 3443 659 3507 et
711 3435 1259 3504 amantissimum
1308 3432 1666 3522 Judicem‘
1722 3438 2030 3522 praebet;
2086 3442 2184 3505 tot
2231 3442 2435 3530 tragi-

281 3575 515 3622 corum
556 3552 955 3641 fragmenta,
990 3571 1133 3618 non
1164 3570 1339 3639 quae
1376 3570 1415 3618 e
1454 3550 1650 3618 libris
1688 3557 1956 3620 tantum
1997 3559 2430 3645 excerpserit,

340 3801 384 3846 1.
414 3797 488 3848 Cf.
516 3798 711 3861 Kubik‚
744 3814 795 3863 p.
828 3801 1055 3850 254-256.

339 3869 385 3916 2.
410 3869 583 3931 Brut„
612 3872 689 3931 19,
710 3871 877 3920 75-76.
896 3897 955 3905 —
975 3870 1049 3921 Cf.
1073 3869 1270 3933 Kubik‚
1292 3883 1345 3933 p.
1367 3871 1477 3932 260,
1499 3869 1639 3920 etde
1663 3868 1852 3919 Plauto
1873 3883 1994 3920 cum
2016 3868 2194 3918 Attica
2218 3882 2433 3919 comoe-

278 3937 365 3987 dia
392 3939 567 4001 prisca
595 3941 808 4003 collato,
834 3956 887 4005 p.
918 3942 1147 3991 311-312.

338 4011 384 4058 3.
414 4010 489 4058 De
514 4009 628 4074 fin„
656 4013 702 4072 1,
733 4014 780 4071 2,
810 4014 908 4062 4-5.

339 4081 384 4129 4.
407 4081 463 4129 L.
496 4082 705 4142 Brunel,
740 4082 805 4131 de
852 4083 1128 4146 traqoedia
1166 4082 1311 4146 apud
1351 4084 1608 4134 Romanos
1633 4083 1776 4133 circa
1808 4083 2175 4148 principatum
2207 4082 2434 4146 Auqusti

284 4154 563 4216 corrupta3
598 4151 831 4216 Parisiis,
856 4154 1000 4216 apud
1036 4154 1487 4217 Hachette‚1884;
1517 4169 1576 4217 p.
1611 4155 1657 4204 7.
