3100 5042
1228 481 1549 547 ..49-

308 617 590 707 juvenis
645 616 1071 686 familiariter
1117 638 1285 686 usus
1331 624 1477 687 erat
1505 621 1552 704 ¹,
1597 638 1876 708 gravem
1921 625 1991 689 et
2027 620 2470 709 ingeniosum

315 741 586 825 poetam
638 733 935 824 appellat
961 735 1007 804 ².
1053 735 1443 804 Terentium
1481 737 1757 826 quantis
1793 736 2116 807 laudibus
2157 741 2473 809 cumulet

311 850 383 917 hi
422 855 691 918 tantum
729 849 848 938 qui
892 850 977 919 de
1018 851 1315 919 Limone
1352 858 1724 941 supersunt
1757 873 2000 922 versus
2037 853 2473 924 documento

315 967 452 1036 sint
487 989 503 1035 t

529 1119 612 1172 Tu
638 1133 889 1189 quoque,
923 1118 1023 1188 qui
1055 1116 1212 1172 solus
1240 1117 1387 1172 lecto
1427 1133 1714 1187 sermone,
1747 1118 2002 1188 Terenti,

530 1199 881 1253 Conversum
906 1213 1360 1268 expressumque
1388 1197 1576 1252 latina
1604 1214 1741 1254 voce
1763 1198 2145 1254 Menandrum

527 1279 593 1331 In
622 1275 882 1332 medium
912 1275 1078 1332 nobis
1108 1276 1324 1332 sedatis
1353 1277 1611 1332 motibus
1637 1277 1832 1347 affers,

531 1356 821 1422 Quiddam
846 1372 1011 1412 come
1040 1355 1285 1428 loquens
1314 1362 1489 1427 atque
1516 1357 1716 1413 omnia
1745 1357 1938 1413 dulcia
1966 1357 2234 1415 miscens.

403 1525 641 1594 Lucilii
698 1524 926 1594 autem
992 1526 1271 1612 ingenio
1335 1533 1670 1614 quantum
1735 1525 2113 1596 delectetur
2184 1528 2468 1597 minime

319 1641 697 1726 mirabitur,
749 1642 804 1708 si
861 1641 1013 1729 quis
1070 1640 1632 1709 animadverterit
1691 1640 2090 1710 Ciceronem
2132 1642 2344 1712 facete
2404 1650 2474 1711 et

316 1757 613 1826 breviter
642 1763 710 1824 et
745 1764 941 1824 acute
980 1756 1165 1845 loqui
1199 1776 1568 1825 consuesse
1593 1759 1639 1841 ³,
1675 1756 2150 1845 dictorumque
2178 1759 2201 1791 ⁴
2240 1778 2323 1826 ex
2354 1759 2474 1826 illo

316 1893 567 1964 genere
619 1872 1029 1939 nonnullam
1073 1872 1417 1939 Romanos
1474 1871 1752 1940 laudem
1795 1871 2082 1961 adeptos
2127 1873 2467 1943 arbitrari.

317 1990 535 2068 Quare
570 1990 796 2058 locum
835 1986 1184 2077 quendam
1224 1986 1457 2056 laudat
1489 2014 1523 2050 «
1558 2008 1714 2057 cum
1747 1989 1963 2056 multa
2001 1993 2360 2058 venustate
2407 1998 2475 2058 et

317 2107 507 2176 omni
566 2106 705 2174 sale
766 2132 797 2167 »
859 2125 898 2171 a
964 2104 1218 2173 Lucilio
1278 2105 1694 2193 scriptum⁵‚
1765 2104 2137 2193 Luciliique
2197 2107 2474 2175 aemulo

317 2221 679 2308 eidemque
722 2219 1039 2287 familiari
1080 2241 1205 2287 suo
1254 2220 1346 2286 ita
1383 2219 1808 2308 gratulatur:
1861 2246 1892 2280 «
1936 2220 2290 2288 Accedunt
2331 2241 2473 2289 non

318 2336 543 2421 Attici,
578 2333 701 2403 sed
731 2335 1049 2403 salsiores
1080 2355 1288 2422 quam
1320 2335 1419 2401 illi
1449 2335 1855 2418 Atticorum,
1892 2335 2174 2402 Romani
2208 2341 2472 2405 veteres

318 2458 519 2539 atque
568 2449 810 2517 urbani
858 2450 1077 2530 sales;
1116 2469 1243 2536 ego
1282 2456 1511 2516 autem
1551 2485 1639 2498 -
1683 2448 2034 2516 existimes
2072 2448 2228 2515 licet
2277 2448 2471 2536 quid-

317 2565 485 2634 libet
529 2603 619 2614 —-
664 2564 947 2632 mirifice
994 2566 1222 2653 capior
1257 2563 1539 2646 facetiiS,
1587 2563 1885 2631 maxime
1924 2563 2342 2632 nostratibus
2397 2587 2466 2647 »;

317 2682 775 2770 deincepsque
822 2686 1123 2748 maestus
1173 2705 1186 2746 :
1246 2709 1273 2740 «
1330 2680 1582 2747 moriar
1638 2680 1718 2759 si,
1770 2683 2038 2767 praeter
2084 2686 2177 2764 te,
2228 2700 2471 2770 quem-

252 2880 257 2885 ·
316 2817 520 2884 quam
560 2797 902 2884 reliquum
932 2795 1150 2864 habeo
1181 2796 1251 2863 in
1282 2815 1419 2884 quo
1452 2794 1716 2883 possim
1741 2795 2118 2883 imaginem
2148 2797 2471 2884 antiquae

316 2918 381 2979 et
419 2912 823 2980 vernaculae
861 2911 1243 2981 festivitatis
1281 2930 1654 2999 agnoscere
1686 2912 1708 2945 ⁶
1748 2936 1805 2978 υ.

402 3027 527 3104 Qui
576 3026 779 3115 igitur
822 3032 964 3093 tam
1002 3026 1297 3114 gloriose
1343 3031 1644 3094 veterem
1680 3024 2143 3092 Romanorum
2192 3023 2472 3091 urbani-

378 3272 422 3318 1.
450 3270 624 3330 Brut„
652 3270 729 3331 28,
763 3270 871 3320 10‘1.

376 3344 429 3390 2.
457 3342 563 3389 Pro
589 3340 793 3398 Plane„
826 3345 905 3402 24,
937 3343 1015 3390 59.

376 3413 423 3460 3.
454 3411 729 3462 Ciceronis
748 3413 919 3462 facete
953 3413 1097 3463 dicta
1119 3411 1237 3473 lege
1274 3425 1303 3460 a
1329 3411 1383 3460 C.
1410 3411 1463 3460 F.
1498 3411 1585 3460 W.
1621 3408 1842 3460 Mueller
1869 3409 2114 3472 collecta,
2150 3413 2204 3459 et
2238 3409 2367 3472 quid
2401 3409 2468 3458 de

314 3482 600 3533 sententiis
630 3484 759 3544 suis,
789 3485 837 3532 si
863 3498 966 3532 non
990 3483 1291 3547 perfaceti3‚
1326 3484 1384 3530 at
1412 3483 1588 3531 tamen
1619 3481 1843 3543 fortasse
1880 3495 1984 3531 non
2026 3481 2258 3541 rusticis,
2289 3480 2471 3530 Cicero

314 3553 429 3614 ipse
482 3555 711 3604 senserit
752 3554 876 3604 vide
911 3556 965 3603 in
1007 3554 1247 3604 oratione
1291 3566 1388 3615 pro
1422 3552 1519 3606 Cn.
1568 3552 1781 3603 Plancio
1830 3552 2034 3614 habita,
2066 3554 2142 3614 14,
2184 3553 2260 3600 35.
2291 3579 2354 3587 -
2390 3552 2467 3600 Cf.

315 3623 567 3686 Boissier,
594 3625 696 3676 Cic.
728 3627 780 3674 et
802 3639 881 3674 ses
909 3626 1060 3684 amis,
1090 3638 1143 3688 p.
1175 3624 1255 3673 95.

376 3696 423 3744 4.
454 3695 530 3745 De
559 3696 661 3746 hoc
687 3696 953 3746 vocabulo
981 3695 1105 3745 vide
1136 3694 1365 3744 Macrob.
1396 3695 1521 3755 sat„
1552 3696 1600 3754 2,
1626 3696 1671 3756 1,
1699 3696 1780 3743 14.

375 3768 422 3815 5.
453 3767 528 3815 De
555 3766 672 3830 fin„
704 3769 748 3828 1,
781 3769 829 3828 3,
859 3769 906 3816 9.
938 3767 1014 3816 De
1056 3766 1313 3816 Cicerone
1338 3765 1523 3814 Lucilii
1557 3764 1762 3828 judice,
1800 3769 2013 3828 praeter
2053 3765 2166 3827 jam
2213 3763 2465 3813 laudatos

312 3837 461 3886 Patin
512 3842 565 3888 et
610 3838 808 3900 Kubik‚
848 3838 974 3888 vide
1011 3837 1067 3887 L.
1108 3837 1415 3896 Quicherat‚
1449 3835 1501 3885 C.
1533 3835 1703 3884 Lucili
1747 3839 2055 3885 saturarum
2095 3833 2365 3898 reliquiae,
2412 3834 2468 3882 in

312 3905 479 3957 Revue
504 3907 920 3974 archeoloqique‚
951 3922 1003 3958 a.
1042 3910 1180 3969 1876,
1206 3906 1307 3957 vol.
1330 3907 1534 3966 XXXII,
1567 3921 1617 3968 p.
1651 3907 1879 3957 117-118.

375 3980 423 4027 6.
470 3977 661 4042 Epist„
724 3981 772 4040 9,
805 3982 882 4041 15,
928 3982 975 4028 2.
1023 3980 1191 4039 Quam
1236 3982 1425 4039 argute
1472 3977 1772 4026 Romanam
1819 3975 2180 4026 urbanitatem
2222 3988 2345 4025 cum
2395 3980 2466 4042 τῷ

312 4049 585 4116 ἀττικισμῷ
623 4050 916 4099 contulerit
942 4051 988 4099 J.
1024 4049 1232 4110 Girard,
1265 4049 1388 4098 vide
1423 4049 1477 4097 in
1516 4039 1718 4098 Etudes
1757 4062 1848 4096 sur
1888 4047 2202 4112 l’eloquence
2231 4046 2469 4110 altique,-

310 4118 509 4182 Lysias‚
540 4120 820 4185 Hyperide,
846 4120 1204 4181 Demosthene,
1234 4120 1402 4182 PariS,
1432 4120 1710 4180 Hachette,
1749 4119 1890 4180 1874,
1926 4133 1977 4182 p.
2005 4119 2173 4168 60-63.

420 4211 605 4266 nim.
2153 4207 2184 4262 4
