3100 5042
1532 526 1852 590 -50-

644 668 855 730 tatem
912 667 1231 746 ostentat,
1301 666 1579 750 tamque
1643 661 2092 730 vehementer
2147 662 2341 730 timet
2405 683 2493 730 ne
2559 682 2792 732 semen

644 777 1050 845 urbanitatis
1098 795 1239 844 una
1286 796 1441 845 cum
1494 797 1568 845 re
1614 776 1886 865 publica
1931 776 2218 844 intereat
2249 779 2294 862 ¹,
2344 777 2463 845 ille
2501 777 2792 846 enitatur

645 912 925 962 necesse
962 896 1065 961 est
1106 911 1195 960 ne
1233 891 1718 959 imbecillitatis
1757 891 2017 980 patrius
2055 910 2283 959 sermo
2325 899 2442 960 aut
2477 893 2790 981 egestatis

642 1013 986 1097 arguatur.
1050 1007 1357 1075 Latinam
1416 1007 1622 1095 igitur
1674 1007 1984 1095 linguam
2041 1027 2247 1096 saepe
2295 1006 2589 1091 disserit,
2651 1029 2789 1076 non

643 1123 847 1192 modo
887 1143 1028 1192 non
1076 1121 1377 1211 inopem,
1422 1128 1496 1190 ut
1534 1123 1745 1212 vulgo
1788 1128 2057 1211 putent,
2101 1122 2227 1192 sed
2273 1123 2791 1213 locupletiorem

640 1239 844 1306 etiam
920 1256 1071 1305 esse
1147 1257 1350 1325 quam
1418 1257 1731 1326 graecam
1760 1238 1806 1320 ²,
1876 1237 2264 1326 meliusque
2338 1259 2546 1326 quam
2611 1237 2790 1328 apud

639 1352 929 1422 Graecos
958 1353 1177 1420 multa
1215 1352 1394 1442 apud
1434 1353 1712 1422 Latinos
1750 1351 2085 1422 vocabula
2122 1353 2276 1422 ficta
2318 1374 2500 1438 esse,
2540 1353 2791 1422 multas

635 1490 747 1538 res
778 1469 1164 1538 nominatas
1193 1471 1237 1535 ³.
1272 1469 1359 1536 At
1385 1469 1550 1536 istas
1587 1469 1820 1537 futiles
1849 1489 2000 1538 esse
2031 1469 2408 1538 sententias
2437 1470 2788 1559 magisque

635 1585 976 1654 consulari
1060 1605 1265 1672 quam
1334 1584 1628 1653 litterato
1696 1583 1960 1652 homini
2031 1583 2578 1653 accommodatas
2645 1586 2787 1674 ipse

634 1700 932 1789 quodam
980 1699 1185 1768 modo
1234 1698 1503 1782 fatetur,
1560 1699 1676 1786 qui
1722 1718 1940 1767 novas
1987 1699 2289 1768 sermoni
2351 1698 2565 1786 patrio
2607 1699 2788 1767 vires

630 1818 971 1908 praebeat,
1015 1817 1346 1886 vocabula
1374 1835 1558 1886 nova
1587 1814 1879 1905 adjiciat.
1916 1816 2134 1893 Quam
2161 1821 2394 1884 autem
2427 1834 2664 1884 secum
2693 1815 2776 1883 de

630 1935 759 2002 hac
795 1954 867 2002 re
915 1932 1175 2001 discors
1216 1932 1442 2015 fuerit,
1486 1932 1600 2001 vel
1638 1953 1821 2000 unus
1863 1934 2429 2000 Tusculanarum
2467 1932 2789 2019 disputa·

630 2051 903 2118 tionum
952 2048 1145 2115 locus
1196 2045 1513 2116 ostendet
1556 2068 1572 2114 ι
1616 2047 1956 2115 litteratus
1999 2047 2215 2128 enim,
2274 2052 2348 2114 ut
2389 2046 2482 2114 ita
2533 2044 2778 2126 dicam,

633 2191 665 2226 «
715 2164 885 2232 haec
950 2163 1112 2248 duo,
1174 2163 1415 2251 inquit,
1474 2163 1706 2231 Graeci
1769 2163 1896 2248 illi,
1947 2183 2240 2251 quorum
2291 2162 2634 2252 copiosior
2681 2169 2782 2230 est

626 2281 863 2368 lingua
928 2299 1135 2368 quam
1200 2284 1457 2362 nostra,
1518 2300 1660 2348 uno
1727 2279 2012 2347 nomine
2071 2279 2416 2368 appellant
2455 2302 2526 2363 »3
2596 2276 2779 2367 quod

626 2401 862 2464 contra
891 2395 1116 2463 statim
1150 2395 1527 2464 consularis
1565 2418 1578 2460 :
1621 2423 1654 2458 «
1679 2395 1730 2462 Ο
1763 2393 2132 2463 verborum
2163 2394 2365 2483 inops
2395 2393 2774 2477 interdum,

627 2509 873 2598 quibus
913 2509 1261 2579 abundare
1299 2516 1366 2579 te
1398 2529 1672 2599 semper
1708 2513 1930 2599 putaS,
1973 2508 2253 2578 Graecia
2281 2510 2341 2574 ⁴1
2389 2535 2420 2570 »

686 2763 732 2809 1.
762 2761 948 2823 Epist„
978 2763 1027 2820 Ἰ,
1058 2763 1136 2823 31,
1173 2763 1218 2809 2.

684 2834 729 2879 2.
766 2831 842 2880 De
882 2831 994 2896 fin„
1036 2834 1080 2894 1,
1114 2835 1160 2889 3,
1204 2833 1289 2892 103
1329 2834 1375 2894 3,
1425 2833 1501 2890 15,
1545 2834 1599 2883 51
1653 2831 1766 2896 (ubi
1810 2833 1938 2882 Cato
1981 2829 2203 2881 latinam
2247 2830 2488 2892 linguam
2539 2829 2777 2892 inopem,

622 2901 803 2952 Cicero
834 2906 1015 2953 autem
1041 2903 1315 2965 copiosam
1339 2902 1586 2967 Judicat).

683 2976 729 3023 3.
765 2975 908 3023 Tusc.
942 2973 1098 3037 disp„
1122 2977 1176 3041 2,
1215 2977 1293 3036 15,
1328 2974 1414 3036 35;
1446 2977 1491 3037 3,
1524 2976 1572 3036 5,
1609 2976 1689 3035 10,
1726 2974 1940 3038 aliaque
1971 2973 2026 3023 in
2067 2971 2257 3023 eodem
2298 2972 2472 3035 capite
2517 2974 2572 3031 53
2608 2971 2655 3031 3,
2695 2973 2775 3033 10,

620 3046 708 3104 23;
743 3044 868 3094 Cato
898 3047 1089 3110 major,
1129 3049 1207 3107 13,
1237 3046 1324 3106 453
1350 3045 1413 3096 de
1440 3045 1578 3104 Div„
1613 3047 1658 3108 1,
1686 3049 1732 3108 1,
1765 3047 1809 3095 1.

683 3117 730 3164 4.
760 3117 905 3166 Tusc.
936 3116 1092 3181 disp„
1127 3119 1176 3178 2,
1208 3119 1286 3181 15,
1310 3117 1389 3168 35.
