3100 5042
1593 470 1792 536 -38
1831 501 1917 521 —·

681 608 999 677 homines
1027 607 1427 696 pervenisse
1457 606 1978 693 humanitatem,
2004 626 2435 696 quorumque
2464 609 2834 698 praeceptis

682 744 834 793 sese
877 722 1223 792 eruditum
1262 742 1414 792 esse
1463 722 1862 807 sentiebat¹‚
1906 723 2001 790 ita
2047 721 2395 811 despicere
2453 725 2829 806 consuevit,

685 847 759 907 ut
791 861 930 908 non
963 840 1030 905 in
1065 838 1490 907 orationibus
1518 844 1811 919 tantum,
1844 837 1967 907 sed
2004 838 2075 905 in
2107 839 2297 907 libris
2328 840 2529 908 etiam
2564 849 2633 908 et
2662 842 2832 928 epis·

683 956 846 1024 tulis
887 975 1008 1023 eos
1061 955 1275 1038 leveS,
1318 954 1611 1042 ineptOS,
1657 954 2125 1041 neglegentes,
2158 953 2459 1039 fallaceS,
2490 974 2635 1022 non
2675 956 2834 1022 satis

682 1071 1032 1138 animosos
1126 1069 1500 1157 appellaret
1527 1070 1582 1152 ²,
1652 1074 1864 1157 utque
1939 1069 2282 1136 Romanos
2364 1070 2835 1156 pronuntiaret

685 1213 717 1248 «
757 1185 990 1254 omnia
1029 1189 1147 1252 aut
1184 1185 1534 1253 invenisse
1580 1205 1704 1272 per
1741 1204 1814 1253 se
1863 1185 2235 1273 sapientius
2275 1204 2479 1272 quam
2518 1185 2830 1270 GraecOS,

681 1307 797 1368 aut
838 1305 1116 1388 accepta
1159 1298 1243 1366 ab
1289 1298 1426 1366 illis
1475 1298 1716 1367 fecisse
1756 1299 2063 1382 meliora,
2108 1319 2281 1388 quae
2320 1299 2598 1387 quidem
2632 1299 2836 1388 digna

683 1416 1080 1484 statuissent
1122 1416 1192 1482 in
1237 1414 1487 1502 quibus
1539 1415 2009 1484 elaborarent³
2061 1443 2119 1482 ».
2172 1416 2390 1484 Immo
2446 1436 2623 1505 quae
2673 1415 2833 1484 didi·

683 1532 912 1613 cisset,
962 1549 1137 1619 quae
1186 1531 1409 1616 sciret,
1452 1550 1611 1597 cum
1656 1550 1821 1598 suae
1862 1531 2044 1598 viam
2100 1531 2280 1598 vitae
2337 1530 2831 1620 ingrederetur,

683 1652 877 1714 caute
921 1645 1210 1730 celabat,
1242 1646 1517 1736 vixque,
1562 1651 1870 1734 tempore
1899 1646 2324 1734 interpositO,
2358 1652 2720 1735 postquam
2750 1645 2835 1714 ad

681 1761 980 1831 honores
1011 1763 1342 1852 pervenit,
1377 1760 1714 1851 patefecit.

770 1878 1105 1946 Omnibus
1150 1878 1336 1946 enim
1377 1879 1446 1944 in
1489 1877 1912 1946 orationibus
1939 1897 2108 1965 quas
2145 1884 2304 1945 ante
2342 1876 2581 1945 habuit
2628 1897 2835 1966 quam

681 1995 925 2062 consul
970 1994 1188 2061 factus
1245 2000 1371 2080 est,
1429 1994 1691 2062 nullius
1739 1994 2087 2064 doctrinae
2134 1994 2487 2062 scientiam
2548 2014 2710 2082 prae
2760 2013 2833 2062 se

681 2109 860 2191 tulit,
890 2109 1023 2176 nisi
1053 2110 1106 2176 si
1130 2109 1304 2197 juris
1334 2110 1595 2197 peritus
1624 2108 1987 2198 cogebatur
2017 2109 2256 2193 videri,
2286 2109 2696 2198 nullumque
2725 2108 2833 2177 vel

680 2226 1146 2293 Romanorum
1191 2225 1304 2293 vel
1344 2224 1754 2292 Graecorum
1798 2225 2198 2314 scriptorem
2248 2225 2831 2309 commemoravit,

681 2341 811 2409 nisi
862 2341 1044 2429 quod
1102 2360 1255 2408 raro
1297 2349 1366 2410 et
1400 2340 1792 2410 verecunde
1838 2343 1910 2408 in
1957 2343 2363 2410 memoriam
2406 2342 2832 2410 audientium

679 2456 886 2526 verba
933 2461 1049 2524 aut
1084 2455 1259 2524 facta
1287 2455 1657 2526 reducebat
1693 2477 1867 2545 quae
1903 2457 1973 2523 in
2007 2457 2271 2525 theatro
2312 2458 2616 2547 plerique
2646 2463 2839 2525 com—'

679 2577 1018 2661 pererant.
1071 2573 1294 2654 Velut,
1347 2592 1470 2661 pro
1512 2574 1594 2640 A.
1662 2572 1946 2640 Caecina
2005 2593 2162 2640 cum
2224 2571 2498 2657 diceret,
2546 2573 2617 2640 in
2676 2573 2833 2642 SeX.

681 2686 944 2772 Clodio,
987 2689 1095 2756 cui
1140 2707 1522 2776 cognomen
1570 2687 1889 2755 Phormio
1928 2692 2096 2771 erat,
2140 2688 2495 2756 cavillatus
2536 2693 2664 2774 est,
2709 2708 2837 2756 nec

682 2803 914 2870 minus
960 2805 1235 2890 nigrum
1273 2822 1430 2871 eum
1476 2822 1629 2871 esse
1676 2823 1805 2871 nec
1850 2803 2082 2870 minus
2126 2803 2586 2872 confidentem
2628 2824 2833 2893 quam

679 2918 797 2987 ille
837 2919 1282 2986 Terentianus
1321 2923 1502 2986 esset
1547 2917 1893 3003 Phormi0‚
1937 2939 2096 2986 cum
2135 2923 2365 2986 tamen
2406 2918 2597 2986 nullo
2637 2925 2833 3008 pacto

679 3036 956 3123 nigrum
991 3033 1476 3104 Phormionem
1513 3039 1717 3122 poeta
1746 3032 2203 3123 descripserit,
2243 3034 2657 3122 nigrumque
2690 3038 2834 3100 tan·

675 3157 821 3218 tum
853 3151 1067 3219 fuisse
1097 3151 1214 3240 qui
1253 3150 1378 3218 has
1417 3155 1645 3238 partes
1684 3149 2094 3236 suscepisset
2122 3154 2418 3217 actorem
2464 3149 2834 3217 verisimile

677 3266 840 3348 sit⁴;
892 3273 1250 3353 anteaque,
1295 3265 1453 3334 Sex,
1498 3265 1721 3332 Roscii
1776 3265 2075 3332 Amerini
2126 3283 2400 3332 causam
2457 3265 2827 3348 sustinenS,

676 3402 833 3449 cum
902 3381 1362 3450 Caecilianum
1419 3380 1764 3486 quendam
1822 3379 2332 3448 adulescentem
2387 3379 2832 3448 Chaerestrati

735 3554 782 3602 1.
799 3551 885 3602 Ad
911 3550 968 3612 Q.
1000 3551 1095 3613 fr„
1129 3552 1175 3611 1,
1209 3552 1254 3610 1,
1287 3552 1333 3610 9,
1367 3550 1425 3598 27
1453 3551 1506 3598 et
1530 3551 1609 3598 28.
2878 3576 2887 3584 -

734 3626 780 3672 2.
807 3622 974 3682 Ado.
999 3623 1096 3686 fr„
1123 3623 1170 3680 1,
1197 3623 1244 3682 2,
1274 3622 1318 3678 2,
1347 3621 1405 3679 43
1429 3619 1494 3669 de
1524 3619 1697 3680 Orat„
1723 3622 1771 3680 2,
1799 3622 1847 3682 4,
1881 3621 1967 3681 183
1992 3621 2136 3670 Tusc.
2160 3619 2311 3684 disp„
2348 3622 2501 3682 1,35,
2531 3621 2617 3683 86,
2647 3620 2829 3684 Epist„

675 3696 750 3757 16,
783 3697 826 3752 4,
861 3694 918 3753 23
953 3692 1097 3742 Tusc.
1127 3693 1289 3756 disp„
1315 3694 1362 3752 2,
1388 3693 1467 3752 27,
1499 3693 1577 3741 65.

731 3767 781 3815 3.
816 3766 958 3814 Tuse.
991 3763 1144 3827 disp„
1176 3766 1222 3824 -1,
1247 3764 1292 3824 1,
1320 3764 1366 3812 1.

730 3840 778 3888 4.
806 3837 908 3885 Pro
942 3835 1005 3884 A.
1034 3834 1278 3896 Caecina,
1315 3834 1392 3893 10,
1423 3836 1508 3892 2·1;
1545 3832 1613 3882 de
1652 3832 1897 3883 hocloco
1930 3847 1963 3882 a
1986 3833 2034 3882 J.
2064 3833 2125 3883 V.
2156 3831 2386 3893 Leelerc,
2425 3831 2509 3882 vel
2547 3832 2730 3894 potius
2764 3834 2829 3882 ab

669 3907 906 3971 Augei-io
945 3906 1190 3955 notulam
1240 3908 1520 3955 mutuatus
1560 3918 1695 3964 sum,
1729 3917 1793 3954 eo
1830 3905 2228 3964 confirmatam,
2258 3902 2402 3966 quod
2440 3902 2637 3963 Kuhik,
2664 3903 2728 3952 de
2757 3904 2830 3952 M.

671 3982 721 4030 Τ.
749 3979 852 4029 Cic.
875 3980 1011 4042 poet.
1036 3978 1130 4027 lat.
1151 3977 1361 4036 studiis,
1383 3990 1437 4040 p.
1461 3977 1566 4033 330,
1591 3989 1781 4026 versus
1806 3975 2040 4026 Terentii
2066 3975 2222 4025 ass'ert
2239 3974 2434 4038 quibus
2449 3975 2827 4025 Phormionem

664 4049 1027 4101 confidentem
1059 4061 1179 4098 esse
1209 4047 1531 4107 declaratur,
1551 4045 1759 4097 nullum
1788 4059 1918 4096 vero
1946 4058 2053 4107 quo
2083 4045 2340 4095 Phormio
2371 4049 2645 4107 tamquam
2680 4045 2829 4109 niger

669 4121 836 4172 homo
865 4120 1214 4182 depingatur.
